4350 5482
1086 143 1104 202 2

180 356 210 414 iu
235 355 368 414 minores
393 360 496 432 partes
520 354 617 434 possit
640 354 738 413 dividi
763 373 856 433 quam
880 356 916 423 ie,
942 357 991 415 eui
1016 357 1177 436 epistulam
1203 357 1427 417 attribuendam
1445 376 1511 415 esse
1528 357 1583 416 sibi
1601 358 1657 434 ipsi
1677 360 1880 436 persuaserint
1890 364 1926 434 ³¹).
1951 368 2002 420 aut

180 462 304 521 nomina
328 460 419 520 Lollii
444 466 473 521 et
498 459 605 538 Lepidi
639 466 805 519 metrorum
832 460 951 541 legibus
976 462 1096 523 facilius
1119 461 1440 535 accommodentur,⁴)
1465 470 1596 523 caveant
1624 484 1662 522 ne
1689 464 1812 541 ingenio
1838 473 1947 542 poetae
1970 470 1999 527 in

177 567 347 645 pangendis
373 566 511 626 versibus
535 576 597 625 tam
624 565 767 643 pusillam
792 585 856 625 rem
881 568 1016 627 curantis
1040 569 1182 647 quamvis
1207 567 1294 626 inviti
1318 567 1493 627 obtrectare
1517 568 1688 629 videantur.

342 672 422 748 Quid
447 672 570 745 taudem
596 678 687 750 poeta
711 681 775 733 toto
801 674 871 746 hoe,
896 693 987 753 quem
1014 682 1245 753 pertractamus,
1272 674 1340 733 loco
1365 674 1421 735 sibi
1448 673 1564 732 voluit?
1603 672 1722 752 Nempe
1748 675 1821 733 nibil
1838 675 1921 735 aliud
1939 679 2000 756 egit

179 779 235 837 nisi
261 788 293 838 ut
318 778 428 840 librum
452 798 540 838 suum
565 780 731 838 emissurus
756 799 822 851 eoa,
852 781 904 859 qui
930 779 1079 860 legerent,
1108 780 1147 840 de
1169 800 1203 840 se
1227 781 1293 859 ipso
1317 798 1434 858 suaque
1465 780 1528 839 vita
1551 781 1667 839 taceret
1690 782 1845 840 cert-iores.
1893 783 1999 860 ltaque.

178 892 301 963 practer
323 885 400 944 alias
424 902 472 944 res
496 903 533 943 eo
558 885 758 963 pertinentes,
783 905 821 944 ne
845 885 884 945 de
907 892 1006 946 aetate
1029 906 1084 945 sua
1108 887 1175 965 quis
1200 885 1366 947 celaretur.
1398 885 1476 945 dixit
1491 906 1524 945 se
1540 906 1621 945 anno
1644 884 1704 944 733
1731 895 1838 965 quater
1862 889 1998 948 undenos

178 1009 275 1049 annos
300 989 487 1068 implevisse.
535 989 622 1063 Quae
647 990 742 1051 verba
765 991 822 1049 nisi
846 989 1054 1070 significarent
1071 999 1193 1070 poetam
1209 1011 1246 1052 eo
1271 993 1338 1071 ipso
1354 998 1501 1070 ternpore,
1528 1012 1596 1050 cum
1615 992 1673 1051 hoc
1697 993 1853 1053 scriberet.
1871 996 2000 1073 quadra-

177 1097 262 1174 ginta
285 1100 430 1173 quattuor
453 1116 550 1156 anuos
575 1097 739 1175 peregisse,
764 1115 825 1155 non
849 1097 949 1158 solum
974 1120 993 1157 a
1015 1100 1107 1158 totius
1132 1098 1192 1157 loci
1210 1099 1358 1158 sententia
1384 1097 1435 1157 sed
1462 1098 1552 1156 etiam
1577 1118 1595 1155 a
1612 1098 1765 1157 communi
1791 1099 2000 1175 intellegentia

178 1201 269 1279 plane
293 1201 502 1262 abhorrerent.
551 1199 627 1275 Quis
652 1201 733 1260 enim
758 1208 817 1272 est,
850 1202 902 1279 qui
928 1203 1132 1281 interrogatus
1165 1203 1203 1261 dc
1227 1209 1327 1262 aetate
1359 1223 1412 1261 sua
1438 1204 1619 1281 respondeat
1647 1224 1679 1262 se
1703 1205 1870 1281 aliquando
1894 1207 1997 1265 nescio

178 1314 253 1385 quot
284 1309 372 1367 aunis
403 1308 487 1386 prius
524 1307 727 1387 quadraginta
764 1311 908 1385 quattuor
938 1327 1035 1367 asinos
1066 1307 1186 1386 egisse?
1247 1307 1406 1369 Eiusmodi
1439 1310 1596 1387 quaesitae
1626 1311 1771 1389 ambages
1807 1312 1996 1389 artificisque

177 1412 365 1474 alienissima
387 1420 458 1473 suut
481 1433 499 1472 a
522 1412 655 1491 simplici
680 1424 710 1472 et
729 1411 886 1487 dilucido,
920 1432 980 1491 quo
1005 1413 1148 1473 Horatius
1172 1415 1203 1473 iu
1227 1413 1365 1492 epistulis
1390 1416 1497 1489 utitur,
1530 1416 1652 1476 dicendi
1675 1436 1797 1496 genere.
1843 1416 1996 1477 llittamus

176 1520 267 1596 igitur
283 1540 380 1600 nugas
400 1519 469 1580 illas
486 1538 634 1598 perversa
650 1501 817 1598 sagacitate
848 1524 930 1578 ortas
955 1526 984 1577 et
1008 1520 1228 1579 constituamus
1252 1520 1415 1598 epistulam
1443 1521 1620 1580 vicesimam
1645 1524 1723 1581 inter
1746 1528 1889 1582 octavum
1914 1523 1995 1583 diem

175 1625 377 1686 Decembrem
402 1626 473 1686 anui
500 1624 560 1684 733
588 1632 617 1684 et
641 1624 772 1684 eundem
797 1623 878 1682 diem
903 1625 975 1681 anni
1002 1621 1064 1681 731
1089 1625 1234 1701 scriptam
1259 1644 1326 1684 esse
1350 1626 1388 1685 ab
1412 1624 1539 1684 Horatio
1564 1627 1830 1703 quadragesimum
1856 1629 1994 1705 quintum

175 1751 291 1790 annum
317 1739 435 1811 agente.

336 1838 436 1898 Isdem
454 1838 601 1916 temporis
625 1837 712 1916 quasi
738 1835 886 1896 cancellis
912 1835 1004 1895 editio
1030 1836 1121 1896 totius
1144 1835 1211 1896 libri
1237 1835 1438 1915 epistularum
1462 1836 1741 1897 circumscribendo
1766 1844 1819 1905 cst,
1845 1839 1900 1896 nisi
1919 1840 1995 1898 torto

174 1945 338 2005 Kirclrneri
355 1944 525 2003 sententiae
540 1943 739 2017 asseut.iris,⁵)
763 1962 825 2021 qua
841 1949 927 2021 putat
943 1942 1082 2023 eclogam
1100 1941 1160 2001 XX
1182 1961 1243 2003 uon
1264 1941 1465 2022 epistularum
1486 1942 1538 2002 sad
1556 1942 1678 2020 epodon
1694 1942 1836 2023 syllegae
1853 1946 1994 2003 comitem

175 2052 278 2112 datam
296 2071 370 2111 esse.
406 2050 448 2109 At
460 2068 560 2128 neque
577 2055 707 2109 uretrum
721 2049 911 2127 dactylicum
929 2049 965 2108 iis
982 2050 1124 2109 convenit
1144 2067 1243 2127 neque
1261 2048 1408 2109 credibile
1424 2053 1471 2109 est
1482 2053 1604 2126 poetam
1621 2049 1739 2109 iambos
1752 2056 1794 2107 tot
1812 2052 1899 2109 aunis
1917 2062 1996 2131 post-

175 2177 268 2236 quam
292 2140 470 2235 scripsisset*
489 2156 622 2216 edidisse
646 2174 747 2234 neque
764 2154 901 2235 intellegi
919 2162 1030 2233 potest,
1056 2175 1110 2213 cur
1127 2174 1232 2215 versus
1250 2154 1319 2212 illos
1336 2175 1397 2213 non
1414 2155 1473 2232 ipsi
1492 2154 1613 2233 epodon
1635 2156 1689 2215 scd
1707 2155 1777 2215 lruic
1794 2156 1993 2235 epistularum

175 2262 254 2323 libro
279 2261 441 2322 addiderit.
489 2260 599 2339 Neque
627 2262 708 2320 euim
741 2261 868 2322 dubium
893 2265 951 2331 est,
986 2262 1059 2337 quin
1085 2267 1175 2339 poeta
1200 2261 1279 2319 hano
1302 2258 1466 2339 epistulam
1499 2280 1554 2319 nec
1583 2260 1620 2319 ad
1647 2260 1799 2343 quendam
1824 2262 1992 2320 amicorum

174 2389 230 2426 uec
254 2367 294 2427 ad
319 2367 430 2429 librum
456 2385 554 2437 suum,
589 2371 620 2423 ut
645 2366 741 2444 lingit,
774 2365 827 2425 sed
852 2366 889 2426 ad
916 2367 1046 2427 lectores
1070 2368 1234 2445 scripserit.
1291 2365 1381 2441 Quod
1406 2368 1431 2425 si
1455 2386 1518 2437 eos,
1545 2369 1595 2445 qui
1622 2368 1739 2428 iambos
1764 2368 1871 2425 lecturi
1895 2377 1992 2439 erasit,

173 2473 290 2552 alloqui
310 2472 467 2543 voluisset,
492 2472 550 2551 ipsi
567 2470 689 2549 epodon
715 2470 794 2531 libro
818 2471 951 2549 epistula
974 2472 1028 2531 luit
1054 2472 1230 2550 inserenda,
1255 2475 1401 2551 quoniam
1426 2474 1455 2531 in
1480 2473 1679 2552 epistularum
1705 2474 1783 2533 libro
1808 2494 1873 2533 cam
1900 2473 1993 2533 collo-

174 2584 257 2641 cavit
281 2589 374 2660 atque
398 2588 587 2659 postremum
612 2580 639 2641 ei
664 2579 780 2659 epilogi
806 2580 906 2639 locum
931 2580 1025 2652 dedit,
1051 2579 1117 2638 lieri
1143 2600 1203 2639 uon
1228 2582 1336 2658 potuit,
1362 2583 1434 2660 quin
1452 2601 1558 2641 rrmnes
1577 2581 1705 2639 lector-cs
1730 2581 1767 2638 acl
1787 2581 1866 2638 lianc
1884 2581 1994 2658 epistu-

173 2687 271 2747 larum
298 2688 408 2749 librum
433 2707 501 2749 eam
524 2688 678 2767 pertinere
702 2689 921 2748 existimarent.

336 2793 451 2852 Verum
475 2792 513 2852 ad
538 2791 625 2852 illam
656 2794 836 2853 sententiam
863 2792 1051 2851 Kirelrnerus
1082 2791 1169 2851 nulla
1199 2792 1261 2851 alia
1292 2791 1443 2851 adductus
1475 2798 1519 2851 est
1552 2812 1645 2851 causa
1674 2792 1729 2850 nisi
1763 2791 1844 2869 quod
1874 2797 1904 2849 ct
1928 2790 1940 2848 l
1964 2800 1994 2849 et

173 2898 248 2958 Xlll
279 2899 426 2978 epistulas
458 2906 525 2979 post
559 2918 672 2959 mnium
707 2896 768 2957 7311
802 2900 933 2977 script-as
966 2919 1033 2959 esse
1064 2898 1215 2976 opinatur.
1271 2897 1394 2957 Falsum
1424 2906 1525 2957 autem
1558 2899 1586 2957 id
1617 2918 1682 2957 esse
1715 2899 1807 2975 pardo
1833 2900 1908 2956 iulra
1936 2899 1992 2955 boc

173 3004 279 3065 libello
305 3025 353 3064 me
376 3004 655 3065 demonstraturum
679 3022 779 3080 spero.
828 3002 935 3081 ltaque
960 3003 1009 3063 ubi
1034 3002 1119 3062 illam
1144 3022 1235 3080 quam
1253 3002 1406 3062 dialectici
1431 3004 1538 3062 dieunt
1553 3005 1755 3080 sumptionem
1782 3003 1991 3067 averterimus,

176 3110 407 3170 conclusionem
430 3112 529 3189 ipsam
555 3128 680 3188 qircique
703 3107 797 3168 dilabi
823 3127 950 3167 necesse
973 3109 1029 3167 erit
1046 3126 1146 3186 neque
1163 3108 1329 3186 quidquam
1355 3128 1411 3168 nos
1436 3109 1590 3188 impediet,
1615 3109 1778 3186 quominus
1796 3108 1917 3165 interd.
1939 3104 1990 3164 Vl.

176 3217 218 3275 ld.
246 3218 319 3277 Dec.
347 3215 408 3277 733
434 3222 464 3276 et
487 3216 619 3276 eundem
642 3217 723 3276 diem
749 3218 964 3295 consequentis
988 3216 1059 3275 anni
1083 3221 1180 3274 toturn
1205 3215 1404 3295 epistularum
1439 3216 1549 3277 librum
1578 3215 1691 3273 editum
1725 3233 1790 3273 cssc
1814 3220 1990 3273 statuamus.

336 3322 414 3382 Cum
440 3323 585 3383 vicesima
609 3341 701 3401 quam
726 3325 983 3400 pertractavimus
1007 3322 1139 3401 epistula
1163 3340 1349 3401 componere
1366 3320 1435 3381 licet
1453 3323 1572 3380 tertiam
1590 3321 1752 3393 decimam,
1773 3340 1832 3397 qua
1849 3318 1993 3378 Horatius

177 3431 323 3490 Vinnium
349 3429 508 3490 volumina
531 3429 683 3507 quaedam
707 3430 877 3490 carminum
902 3429 942 3491 ad
960 3429 1132 3511 Augustum
1157 3429 1292 3508 perferre
1308 3429 1399 3488 iubat.
1448 3427 1535 3502 Quae
1552 3427 1710 3489 volumina
1731 3447 1831 3507 nsque
1846 3426 1992 3507 epistulas

174 3538 256 3616 ipsas
281 3558 381 3616 neque
412 3538 521 3597 satiras
544 3535 597 3595 sed
623 3540 684 3595 tres
709 3537 826 3614 priores
858 3538 987 3598 odarum
1020 3537 1114 3599 libros
1139 3537 1325 3597 continuisse
1349 3534 1453 3595 multis
1484 3534 1575 3593 rebus
1600 3535 1825 3612 ‹·.‹›mpr‹›batur.
1874 3533 1994 3593 Etenim

175 3643 213 3700 dc
238 3642 297 3701 lroc
329 3643 397 3720 ipso
429 3641 629 3719 epistularum
658 3641 734 3702 libro
760 3644 923 3721 quominus
947 3644 1106 3705 Horatium
1132 3643 1216 3720 loqui
1240 3644 1446 3721 suspicemur,
1479 3663 1547 3702 cum
1573 3641 1701 3722 pluralis
1726 3646 1907 3711 uumerus⁶l
1931 3651 1994 3702 tum

173 3754 348 3826 temporum
374 3749 451 3807 ratio
476 3749 607 3809 obstant.
659 3747 739 3809 Nam
774 3752 919 3828 quoniam
952 3771 1006 3829 per
1037 3756 1133 3810 totum
1166 3770 1234 3811 eum
1267 3768 1380 3809 annum
1415 3749 1502 3823 (llec.
1536 3747 1665 3825 733,5‹l).
1700 3768 1761 3826 quo
1794 3749 1992 3826 epistularum

176 3854 289 3915 librum
313 3856 429 3915 editum
453 3877 520 3917 esse
543 3858 832 3931 demonstravimus,
852 3859 1009 3938 Augustus
1033 3858 1063 3915 in
1088 3856 1162 3917 Asia
1189 3859 1394 3915 commoratus
1418 3860 1474 3925 est,
1499 3853 1614 3913 Vinnio
1639 3853 1713 3913 illuc
1738 3855 1994 3932 proficiscendum

175 3963 245 4039 fuit,
280 3969 340 4022 tam
367 3963 491 4044 longum
516 3972 618 4025 autem
642 3965 680 4025 ad
705 3966 762 4025 iter
787 3964 947 4043 epistulam
972 3963 1086 4024 referre
1110 3964 1215 4022 iocoso
1242 3961 1407 4041 lepidoque
1435 3965 1501 4023 eius
1528 3981 1668 4023 sermono
1694 3961 1898 4039 prohibemur.
1947 3963 1994 4021 Ac

176 4089 214 4129 uc
230 4070 331 4130 satiris
348 4070 473 4149 quidem
490 4071 619 4151 pluralis
637 4091 780 4132 numerus
798 4071 954 4142 convenit,
972 4071 1045 4148 quia
1060 4070 1138 4130 duos
1154 4071 1315 4129 satirarum
1334 4069 1427 4130 libros
1444 4087 1504 4128 non
1523 4089 1582 4128 uuo
1599 4069 1771 4147 codemque
1786 4076 1925 4149 tempore
1940 4069 1993 4128 scd

176 4176 340 4254 separatim
358 4177 457 4254 spatio
475 4177 608 4253 quodam
627 4178 785 4238 interiecto
803 4177 901 4235 editos
918 4196 984 4235 esse
1002 4176 1080 4235 inter
1096 4175 1204 4235 doctos
1224 4176 1306 4234 viros
1323 4183 1455 4251 constatg
1469 4178 1494 4249 ⁷.)
1515 4176 1594 4233 addc
1619 4174 1699 4252 quod
1719 4175 1853 4255 intellegi
1880 4176 1994 4251 nequit,

337 4368 361 4433 ³)
382 4368 626 4437 Dilleuburger
640 4372 665 4418 iu
680 4370 800 4421 editione
813 4386 862 4422 sua
875 4369 909 4421 ad
924 4369 949 4419 li.
964 4368 996 4431 l.;
1016 4367 1173 4429 Dtintaer,
1194 4368 1287 4419 Kritik
1305 4368 1354 4421 dcs
1367 4369 1462 4431 Horas..¹
1481 4368 1506 4417 3.
1520 4385 1545 4436 p.
1559 4366 1601 4420 68.
1624 4399 1646 4403 --
1678 4370 1699 4431 ³)
1719 4366 1844 4420 ttlrrist.
1864 4369 1994 4419 fastorum

175 4457 388 4510 Horatianorum
412 4459 544 4526 epierisia.
587 4456 724 4509 llouaclrii
748 4454 826 4508 1877.
851 4475 876 4525 p.
900 4456 943 4509 22.
969 4486 1002 4494 -
1026 4458 1050 4519 ⁵)
1074 4454 1256 4519 Quaestiones
1280 4454 1451 4508 Horatianos.
1494 4454 1649 4523 Numburgi
1675 4454 1751 4507 1834.
1776 4471 1800 4522 p.
1825 4453 1860 4506 36
1879 4469 1936 4521 sqq.
1963 4485 1994 4492 --

177 4546 201 4605 θ)
222 4544 368 4597 Volumina
387 4564 411 4594 v.
425 4544 451 4612 3,
470 4545 576 4598 libellis
596 4563 621 4595 v.
635 4545 662 4606 4,
680 4545 841 4597 fasciculum
861 4545 996 4597 librorum
1015 4564 1040 4593 v.
1056 4543 1096 4595 13.
1119 4573 1150 4580 -
1173 4547 1195 4606 ⁷)
1215 4543 1235 4593 F
1241 4545 1355 4596 rsulrc.
1375 4546 1436 4597 fasti
1450 4544 1590 4596 Horatiaui
1611 4560 1635 4610 p.
1648 4543 1684 4594 35
1696 4558 1755 4608 sqq.
1778 4574 1808 4579 --
1829 4544 1862 4594 Α.
1883 4543 1995 4595 lliess·

176 4631 260 4700 ling,
281 4632 312 4696 Q.
333 4632 462 4686 Horatius
481 4634 602 4710 Flaccus.
624 4632 654 4683 ll.
675 4650 699 4700 p.
722 4633 754 4683 X.
773 4649 832 4700 sqq.
