<?xml version="1.0" encoding="UTF-8"?>
<!DOCTYPE html PUBLIC "-//W3C//DTD XHTML 1.0 Transitional//EN"
    "http://www.w3.org/TR/xhtml1/DTD/xhtml1-transitional.dtd">
<html xmlns="http://www.w3.org/1999/xhtml" xml:lang="en" lang="en">
 <head>
  <title>
</title>
<meta http-equiv="Content-Type" content="text/html;charset=utf-8" />
  <meta name='ocr-system' content='tesseract 3.04.00' />
  <meta name='ocr-capabilities' content='ocr_page ocr_carea ocr_par ocr_line ocrx_word'/>
</head>
<body>
  <div class='ocr_page' id='page_1' title='image "./horatianaeprior00gaebgoog_0008.png"; bbox 0 0 4350 5482; ppageno 0'>
   <div class='ocr_carea' id='block_1_1' title="bbox 224 1392 1930 1654">
    <p class='ocr_par' dir='ltr' id='par_1_1' title="bbox 224 1392 1930 1654">
     <span class='ocr_line' id='line_1_1' title="bbox 224 1392 1930 1525; baseline -0.004 -26"><span class='ocrx_word' id='word_1_1' title='bbox 224 1400 502 1499; x_wconf 76' lang='lat' dir='ltr'>Horatianus</span> <span class='ocrx_word' id='word_1_2' title='bbox 539 1400 699 1525; x_wconf 85' lang='lat' dir='ltr'>prioris</span> <span class='ocrx_word' id='word_1_3' title='bbox 736 1396 835 1494; x_wconf 86' lang='lat' dir='ltr'>litui</span> <span class='ocrx_word' id='word_1_4' title='bbox 874 1396 1092 1524; x_wconf 85' lang='lat' dir='ltr'>epistulae</span> <span class='ocrx_word' id='word_1_5' title='bbox 1129 1393 1293 1523; x_wconf 88' lang='lat' dir='ltr'>quibus</span> <span class='ocrx_word' id='word_1_6' title='bbox 1332 1392 1612 1522; x_wconf 84' lang='lat' dir='ltr'>temporibus</span> <span class='ocrx_word' id='word_1_7' title='bbox 1649 1396 1930 1520; x_wconf 78' lang='lat' dir='ltr'>cuupusitse</span> 
     </span>
     <span class='ocr_line' id='line_1_2' title="bbox 879 1555 1274 1654; baseline -0.008 0"><span class='ocrx_word' id='word_1_8' title='bbox 879 1587 981 1654; x_wconf 82' lang='lat' dir='ltr'>esse</span> <span class='ocrx_word' id='word_1_9' title='bbox 1021 1555 1274 1652; x_wconf 84' lang='lat' dir='ltr'>videantur.</span> 
     </span>
    </p>
   </div>
   <div class='ocr_carea' id='block_1_2' title="bbox 171 1835 1990 4468">
    <p class='ocr_par' dir='ltr' id='par_1_2' title="bbox 171 1835 1987 2345">
     <span class='ocr_line' id='line_1_3' title="bbox 331 1835 1987 1919; baseline 0 -22"><span class='ocrx_word' id='word_1_10' title='bbox 331 1840 516 1899; x_wconf 84' lang='lat' dir='ltr'>Horatiauac</span> <span class='ocrx_word' id='word_1_11' title='bbox 545 1841 654 1918; x_wconf 90' lang='lat' dir='ltr'>prioris</span> <span class='ocrx_word' id='word_1_12' title='bbox 683 1838 753 1901; x_wconf 87' lang='lat' dir='ltr'><strong>libri</strong></span> <span class='ocrx_word' id='word_1_13' title='bbox 782 1838 931 1919; x_wconf 75' lang='lat' dir='ltr'>epistulae</span> <span class='ocrx_word' id='word_1_14' title='bbox 960 1838 1070 1916; x_wconf 89' lang='lat' dir='ltr'>quibus</span> <span class='ocrx_word' id='word_1_15' title='bbox 1097 1836 1287 1915; x_wconf 80' lang='lat' dir='ltr'>temporibus</span> <span class='ocrx_word' id='word_1_16' title='bbox 1315 1837 1504 1914; x_wconf 87' lang='lat' dir='ltr'>compositae</span> <span class='ocrx_word' id='word_1_17' title='bbox 1532 1855 1599 1895; x_wconf 92' lang='lat' dir='ltr'>esse</span> <span class='ocrx_word' id='word_1_18' title='bbox 1627 1835 1788 1894; x_wconf 84' lang='lat' dir='ltr'>videantur</span> <span class='ocrx_word' id='word_1_19' title='bbox 1815 1837 1869 1895; x_wconf 85' lang='lat' dir='ltr'>etsi</span> <span class='ocrx_word' id='word_1_20' title='bbox 1893 1856 1987 1916; x_wconf 85' lang='lat' dir='ltr'>saepe</span> 
     </span>
     <span class='ocr_line' id='line_1_4' title="bbox 171 1944 1987 2026; baseline -0.002 -17"><span class='ocrx_word' id='word_1_21' title='bbox 171 1971 189 2009; x_wconf 89' lang='lat' dir='ltr'>a</span> <span class='ocrx_word' id='word_1_22' title='bbox 213 1949 316 2007; x_wconf 86' lang='lat' dir='ltr'>multis</span> <span class='ocrx_word' id='word_1_23' title='bbox 341 1948 587 2026; x_wconf 70' lang='lat' dir='ltr'>doctissimisque</span> <span class='ocrx_word' id='word_1_24' title='bbox 621 1950 693 2008; x_wconf 86' lang='lat' dir='ltr'>viris</span> <span class='ocrx_word' id='word_1_25' title='bbox 717 1966 837 2007; x_wconf 88' lang='lat' dir='ltr'>summo</span> <span class='ocrx_word' id='word_1_26' title='bbox 861 1947 1002 2007; x_wconf 81' lang='lat' dir='ltr'>acsrmiue</span> <span class='ocrx_word' id='word_1_27' title='bbox 1034 1947 1206 2024; x_wconf 87' lang='lat' dir='ltr'>quaesitum</span> <span class='ocrx_word' id='word_1_28' title='bbox 1238 1963 1306 2004; x_wconf 89' lang='lat' dir='ltr'>esse</span> <span class='ocrx_word' id='word_1_29' title='bbox 1338 1963 1399 2004; x_wconf 91' lang='lat' dir='ltr'>non</span> <span class='ocrx_word' id='word_1_30' title='bbox 1424 1944 1543 2014; x_wconf 82' lang='lat' dir='ltr'>nescio,</span> <span class='ocrx_word' id='word_1_31' title='bbox 1577 1950 1678 2002; x_wconf 86' lang='lat' dir='ltr'>tamen</span> <span class='ocrx_word' id='word_1_32' title='bbox 1702 1961 1808 2002; x_wconf 87' lang='lat' dir='ltr'>omnes</span> <span class='ocrx_word' id='word_1_33' title='bbox 1835 1960 1934 2021; x_wconf 86' lang='lat' dir='ltr'>paene</span> <span class='ocrx_word' id='word_1_34' title='bbox 1958 1954 1987 2006; x_wconf 89' lang='lat' dir='ltr'>et</span> 
     </span>
     <span class='ocr_line' id='line_1_5' title="bbox 171 2048 1986 2132; baseline -0.002 -19"><span class='ocrx_word' id='word_1_35' title='bbox 171 2076 208 2113; x_wconf 86' lang='lat' dir='ltr'>ca</span> <span class='ocrx_word' id='word_1_36' title='bbox 232 2075 264 2114; x_wconf 91' lang='lat' dir='ltr'>re</span> <span class='ocrx_word' id='word_1_37' title='bbox 288 2074 405 2114; x_wconf 80' lang='lat' dir='ltr'>errasse</span> <span class='ocrx_word' id='word_1_38' title='bbox 430 2054 503 2112; x_wconf 89' lang='lat' dir='ltr'>milri</span> <span class='ocrx_word' id='word_1_39' title='bbox 528 2055 684 2126; x_wconf 70' lang='lat' dir='ltr'>videntur,</span> <span class='ocrx_word' id='word_1_40' title='bbox 717 2054 800 2132; x_wconf 88' lang='lat' dir='ltr'>quod</span> <span class='ocrx_word' id='word_1_41' title='bbox 825 2072 884 2113; x_wconf 89' lang='lat' dir='ltr'>nou</span> <span class='ocrx_word' id='word_1_42' title='bbox 909 2071 979 2112; x_wconf 91' lang='lat' dir='ltr'>raro</span> <span class='ocrx_word' id='word_1_43' title='bbox 1003 2053 1098 2111; x_wconf 87' lang='lat' dir='ltr'>nimia</span> <span class='ocrx_word' id='word_1_44' title='bbox 1120 2049 1326 2130; x_wconf 83' lang='lat' dir='ltr'>investigandi</span> <span class='ocrx_word' id='word_1_45' title='bbox 1354 2048 1521 2129; x_wconf 88' lang='lat' dir='ltr'>cupiditate</span> <span class='ocrx_word' id='word_1_46' title='bbox 1544 2048 1676 2120; x_wconf 77' lang='lat' dir='ltr'>incensi,</span> <span class='ocrx_word' id='word_1_47' title='bbox 1708 2053 1742 2106; x_wconf 93' lang='lat' dir='ltr'>ut</span> <span class='ocrx_word' id='word_1_48' title='bbox 1764 2048 1828 2108; x_wconf 85' lang='lat' dir='ltr'>lere</span> <span class='ocrx_word' id='word_1_49' title='bbox 1850 2048 1898 2121; x_wconf 83' lang='lat' dir='ltr'>tlt,</span> <span class='ocrx_word' id='word_1_50' title='bbox 1930 2069 1986 2129; x_wconf 91' lang='lat' dir='ltr'>pro</span> 
     </span>
     <span class='ocr_line' id='line_1_6' title="bbox 172 2153 1987 2238; baseline -0.001 -20"><span class='ocrx_word' id='word_1_51' title='bbox 172 2161 261 2219; x_wconf 85' lang='lat' dir='ltr'>certis</span> <span class='ocrx_word' id='word_1_52' title='bbox 295 2162 435 2238; x_wconf 84' lang='lat' dir='ltr'>verisque</span> <span class='ocrx_word' id='word_1_53' title='bbox 468 2165 635 2238; x_wconf 89' lang='lat' dir='ltr'>posuerunt</span> <span class='ocrx_word' id='word_1_54' title='bbox 666 2178 716 2231; x_wconf 83' lang='lat' dir='ltr'>ea,</span> <span class='ocrx_word' id='word_1_55' title='bbox 751 2177 830 2237; x_wconf 89' lang='lat' dir='ltr'>quae</span> <span class='ocrx_word' id='word_1_56' title='bbox 864 2157 914 2217; x_wconf 85' lang='lat' dir='ltr'>vel</span> <span class='ocrx_word' id='word_1_57' title='bbox 948 2158 1011 2217; x_wconf 85' lang='lat' dir='ltr'>veri</span> <span class='ocrx_word' id='word_1_58' title='bbox 1043 2153 1155 2215; x_wconf 83' lang='lat' dir='ltr'>similia</span> <span class='ocrx_word' id='word_1_59' title='bbox 1187 2153 1237 2214; x_wconf 88' lang='lat' dir='ltr'>vel</span> <span class='ocrx_word' id='word_1_60' title='bbox 1269 2157 1386 2215; x_wconf 89' lang='lat' dir='ltr'>incerta</span> <span class='ocrx_word' id='word_1_61' title='bbox 1409 2162 1492 2223; x_wconf 86' lang='lat' dir='ltr'>sunt,</span> <span class='ocrx_word' id='word_1_62' title='bbox 1524 2160 1554 2212; x_wconf 89' lang='lat' dir='ltr'>et</span> <span class='ocrx_word' id='word_1_63' title='bbox 1577 2155 1608 2213; x_wconf 93' lang='lat' dir='ltr'>in</span> <span class='ocrx_word' id='word_1_64' title='bbox 1636 2160 1697 2213; x_wconf 88' lang='lat' dir='ltr'>tam</span> <span class='ocrx_word' id='word_1_65' title='bbox 1722 2154 1861 2214; x_wconf 88' lang='lat' dir='ltr'>diversas</span> <span class='ocrx_word' id='word_1_66' title='bbox 1885 2163 1987 2234; x_wconf 84' lang='lat' dir='ltr'>partes</span> 
     </span>
     <span class='ocr_line' id='line_1_7' title="bbox 171 2259 1985 2345; baseline -0.002 -19"><span class='ocrx_word' id='word_1_67' title='bbox 171 2267 390 2327; x_wconf 82' lang='lat' dir='ltr'>discesserunt.</span> <span class='ocrx_word' id='word_1_68' title='bbox 424 2273 453 2324; x_wconf 91' lang='lat' dir='ltr'>ut</span> <span class='ocrx_word' id='word_1_69' title='bbox 479 2271 574 2326; x_wconf 89' lang='lat' dir='ltr'>totam</span> <span class='ocrx_word' id='word_1_70' title='bbox 599 2267 809 2345; x_wconf 79' lang='lat' dir='ltr'>quaestionem</span> <span class='ocrx_word' id='word_1_71' title='bbox 841 2265 942 2324; x_wconf 90' lang='lat' dir='ltr'>denuo</span> <span class='ocrx_word' id='word_1_72' title='bbox 967 2263 1123 2322; x_wconf 77' lang='lat' dir='ltr'>instituere</span> <span class='ocrx_word' id='word_1_73' title='bbox 1146 2281 1183 2321; x_wconf 92' lang='lat' dir='ltr'>ac</span> <span class='ocrx_word' id='word_1_74' title='bbox 1207 2267 1395 2339; x_wconf 87' lang='lat' dir='ltr'>pertractare</span> <span class='ocrx_word' id='word_1_75' title='bbox 1427 2260 1500 2319; x_wconf 90' lang='lat' dir='ltr'>milri</span> <span class='ocrx_word' id='word_1_76' title='bbox 1525 2278 1585 2319; x_wconf 90' lang='lat' dir='ltr'>uon</span> <span class='ocrx_word' id='word_1_77' title='bbox 1609 2259 1717 2320; x_wconf 90' lang='lat' dir='ltr'>inutile</span> <span class='ocrx_word' id='word_1_78' title='bbox 1745 2279 1811 2320; x_wconf 89' lang='lat' dir='ltr'>esse</span> <span class='ocrx_word' id='word_1_79' title='bbox 1838 2262 1985 2323; x_wconf 88' lang='lat' dir='ltr'>videatur.</span> 
     </span>
    </p>

    <p class='ocr_par' dir='ltr' id='par_1_3' title="bbox 171 2343 1990 2980">
     <span class='ocr_line' id='line_1_8' title="bbox 332 2343 1989 2451; baseline 0 -20"><span class='ocrx_word' id='word_1_80' title='bbox 332 2371 408 2431; x_wconf 79' lang='lat' dir='ltr'>Cum</span> <span class='ocrx_word' id='word_1_81' title='bbox 432 2372 524 2451; x_wconf 83' lang='lat' dir='ltr'>igitur</span> <span class='ocrx_word' id='word_1_82' title='bbox 548 2371 621 2430; x_wconf 92' lang='lat' dir='ltr'>mihi</span> <span class='ocrx_word' id='word_1_83' title='bbox 647 2372 839 2450; x_wconf 89' lang='lat' dir='ltr'>propositum</span> <span class='ocrx_word' id='word_1_84' title='bbox 863 2371 916 2440; x_wconf 83' lang='lat' dir='ltr'>sit,</span> <span class='ocrx_word' id='word_1_85' title='bbox 948 2376 1065 2446; x_wconf 86' lang='lat' dir='ltr'>utque</span> <span class='ocrx_word' id='word_1_86' title='bbox 1097 2386 1238 2446; x_wconf 90' lang='lat' dir='ltr'>quaeque</span> <span class='ocrx_word' id='word_1_87' title='bbox 1269 2374 1408 2445; x_wconf 91' lang='lat' dir='ltr'>tempore</span> <span class='ocrx_word' id='word_1_88' title='bbox 1440 2343 1549 2445; x_wconf 79' lang='lat' dir='ltr'>prioris</span> <span class='ocrx_word' id='word_1_89' title='bbox 1571 2365 1729 2426; x_wconf 90' lang='lat' dir='ltr'>Horatiani</span> <span class='ocrx_word' id='word_1_90' title='bbox 1762 2366 1831 2428; x_wconf 88' lang='lat' dir='ltr'>libri</span> <span class='ocrx_word' id='word_1_91' title='bbox 1857 2369 1989 2446; x_wconf 74' lang='lat' dir='ltr'>epistula</span> 
     </span>
     <span class='ocr_line' id='line_1_9' title="bbox 171 2470 1987 2558; baseline -0.003 -21"><span class='ocrx_word' id='word_1_92' title='bbox 171 2480 360 2558; x_wconf 67' lang='lat' dir='ltr'>scriptasit,</span> <span class='ocrx_word' id='word_1_93' title='bbox 393 2498 449 2557; x_wconf 91' lang='lat' dir='ltr'>pro</span> <span class='ocrx_word' id='word_1_94' title='bbox 474 2481 549 2538; x_wconf 89' lang='lat' dir='ltr'>meis</span> <span class='ocrx_word' id='word_1_95' title='bbox 573 2477 690 2538; x_wconf 85' lang='lat' dir='ltr'>viribus</span> <span class='ocrx_word' id='word_1_96' title='bbox 715 2494 809 2537; x_wconf 89' lang='lat' dir='ltr'>coner</span> <span class='ocrx_word' id='word_1_97' title='bbox 832 2475 1012 2554; x_wconf 80' lang='lat' dir='ltr'>explorare,</span> <span class='ocrx_word' id='word_1_98' title='bbox 1044 2474 1210 2535; x_wconf 82' lang='lat' dir='ltr'>nunidem</span> <span class='ocrx_word' id='word_1_99' title='bbox 1235 2471 1309 2531; x_wconf 90' lang='lat' dir='ltr'>mibi</span> <span class='ocrx_word' id='word_1_100' title='bbox 1333 2472 1423 2544; x_wconf 81' lang='lat' dir='ltr'>ordo,</span> <span class='ocrx_word' id='word_1_101' title='bbox 1449 2472 1480 2531; x_wconf 89' lang='lat' dir='ltr'>in</span> <span class='ocrx_word' id='word_1_102' title='bbox 1504 2490 1565 2550; x_wconf 90' lang='lat' dir='ltr'>quo</span> <span class='ocrx_word' id='word_1_103' title='bbox 1590 2470 1741 2551; x_wconf 89' lang='lat' dir='ltr'>epistulae</span> <span class='ocrx_word' id='word_1_104' title='bbox 1764 2473 1883 2551; x_wconf 87' lang='lat' dir='ltr'>positae</span> <span class='ocrx_word' id='word_1_105' title='bbox 1907 2480 1987 2547; x_wconf 86' lang='lat' dir='ltr'>sunt,</span> 
     </span>
     <span class='ocr_line' id='line_1_10' title="bbox 172 2578 1989 2663; baseline -0.002 -19"><span class='ocrx_word' id='word_1_106' title='bbox 172 2585 341 2645; x_wconf 89' lang='lat' dir='ltr'>servandus</span> <span class='ocrx_word' id='word_1_107' title='bbox 358 2584 410 2644; x_wconf 89' lang='lat' dir='ltr'>sed</span> <span class='ocrx_word' id='word_1_108' title='bbox 427 2585 466 2643; x_wconf 87' lang='lat' dir='ltr'>de</span> <span class='ocrx_word' id='word_1_109' title='bbox 481 2587 519 2643; x_wconf 88' lang='lat' dir='ltr'>iis</span> <span class='ocrx_word' id='word_1_110' title='bbox 535 2585 634 2663; x_wconf 92' lang='lat' dir='ltr'>primo</span> <span class='ocrx_word' id='word_1_111' title='bbox 651 2583 862 2643; x_wconf 85' lang='lat' dir='ltr'>disserendum</span> <span class='ocrx_word' id='word_1_112' title='bbox 881 2582 1011 2655; x_wconf 76' lang='lat' dir='ltr'>videtur,</span> <span class='ocrx_word' id='word_1_113' title='bbox 1041 2600 1120 2660; x_wconf 89' lang='lat' dir='ltr'>quse</span> <span class='ocrx_word' id='word_1_114' title='bbox 1137 2581 1259 2659; x_wconf 90' lang='lat' dir='ltr'>quando</span> <span class='ocrx_word' id='word_1_115' title='bbox 1276 2586 1362 2640; x_wconf 78' lang='lat' dir='ltr'>ortae</span> <span class='ocrx_word' id='word_1_116' title='bbox 1378 2581 1436 2638; x_wconf 89' lang='lat' dir='ltr'>sint</span> <span class='ocrx_word' id='word_1_117' title='bbox 1454 2579 1545 2639; x_wconf 85' lang='lat' dir='ltr'>certis</span> <span class='ocrx_word' id='word_1_118' title='bbox 1561 2578 1743 2658; x_wconf 88' lang='lat' dir='ltr'>quibusdam</span> <span class='ocrx_word' id='word_1_119' title='bbox 1763 2578 1989 2658; x_wconf 86' lang='lat' dir='ltr'>luculentisque</span> 
     </span>
     <span class='ocr_line' id='line_1_11' title="bbox 172 2683 1989 2768; baseline 0 -21"><span class='ocrx_word' id='word_1_120' title='bbox 172 2691 292 2749; x_wconf 84' lang='lat' dir='ltr'>indiciis</span> <span class='ocrx_word' id='word_1_121' title='bbox 308 2696 445 2768; x_wconf 77' lang='lat' dir='ltr'>apparet.</span> <span class='ocrx_word' id='word_1_122' title='bbox 487 2690 619 2750; x_wconf 86' lang='lat' dir='ltr'>Proinde</span> <span class='ocrx_word' id='word_1_123' title='bbox 636 2689 834 2749; x_wconf 86' lang='lat' dir='ltr'>exordiamur</span> <span class='ocrx_word' id='word_1_124' title='bbox 856 2687 894 2748; x_wconf 86' lang='lat' dir='ltr'>sb</span> <span class='ocrx_word' id='word_1_125' title='bbox 911 2686 1044 2765; x_wconf 78' lang='lat' dir='ltr'>epistula</span> <span class='ocrx_word' id='word_1_126' title='bbox 1067 2687 1222 2745; x_wconf 84' lang='lat' dir='ltr'>vicesima.</span> <span class='ocrx_word' id='word_1_127' title='bbox 1271 2685 1358 2759; x_wconf 84' lang='lat' dir='ltr'>Quae</span> <span class='ocrx_word' id='word_1_128' title='bbox 1375 2704 1443 2744; x_wconf 88' lang='lat' dir='ltr'>cum</span> <span class='ocrx_word' id='word_1_129' title='bbox 1461 2683 1575 2764; x_wconf 86' lang='lat' dir='ltr'>epilogi</span> <span class='ocrx_word' id='word_1_130' title='bbox 1600 2683 1671 2745; x_wconf 86' lang='lat' dir='ltr'>loco</span> <span class='ocrx_word' id='word_1_131' title='bbox 1694 2686 1751 2745; x_wconf 87' lang='lat' dir='ltr'>toti</span> <span class='ocrx_word' id='word_1_132' title='bbox 1767 2683 1846 2747; x_wconf 92' lang='lat' dir='ltr'>libro</span> <span class='ocrx_word' id='word_1_133' title='bbox 1866 2685 1989 2747; x_wconf 83' lang='lat' dir='ltr'>adnexa</span> 
     </span>
     <span class='ocr_line' id='line_1_12' title="bbox 173 2790 1990 2872; baseline 0 -20"><span class='ocrx_word' id='word_1_134' title='bbox 173 2796 221 2865; x_wconf 62' lang='lat' dir='ltr'>sit„</span> <span class='ocrx_word' id='word_1_135' title='bbox 246 2802 275 2853; x_wconf 89' lang='lat' dir='ltr'>et</span> <span class='ocrx_word' id='word_1_136' title='bbox 298 2813 353 2872; x_wconf 92' lang='lat' dir='ltr'>per</span> <span class='ocrx_word' id='word_1_137' title='bbox 376 2814 408 2852; x_wconf 84' lang='lat' dir='ltr'>sc</span> <span class='ocrx_word' id='word_1_138' title='bbox 432 2802 670 2854; x_wconf 88' lang='lat' dir='ltr'>consentaneum</span> <span class='ocrx_word' id='word_1_139' title='bbox 692 2799 736 2852; x_wconf 92' lang='lat' dir='ltr'>est</span> <span class='ocrx_word' id='word_1_140' title='bbox 760 2799 845 2851; x_wconf 86' lang='lat' dir='ltr'>etex</span> <span class='ocrx_word' id='word_1_141' title='bbox 861 2798 1040 2871; x_wconf 76' lang='lat' dir='ltr'>argumento</span> <span class='ocrx_word' id='word_1_142' title='bbox 1057 2791 1157 2851; x_wconf 90' lang='lat' dir='ltr'>elucet</span> <span class='ocrx_word' id='word_1_143' title='bbox 1173 2810 1240 2850; x_wconf 89' lang='lat' dir='ltr'>eam</span> <span class='ocrx_word' id='word_1_144' title='bbox 1258 2793 1403 2870; x_wconf 81' lang='lat' dir='ltr'>scriptam</span> <span class='ocrx_word' id='word_1_145' title='bbox 1426 2811 1493 2852; x_wconf 88' lang='lat' dir='ltr'>esse</span> <span class='ocrx_word' id='word_1_146' title='bbox 1508 2793 1650 2871; x_wconf 87' lang='lat' dir='ltr'>proxime</span> <span class='ocrx_word' id='word_1_147' title='bbox 1666 2798 1829 2870; x_wconf 89' lang='lat' dir='ltr'>autequam</span> <span class='ocrx_word' id='word_1_148' title='bbox 1845 2790 1990 2852; x_wconf 88' lang='lat' dir='ltr'>Horatius</span> 
     </span>
     <span class='ocr_line' id='line_1_13' title="bbox 173 2896 1872 2980; baseline -0.001 -22"><span class='ocrx_word' id='word_1_149' title='bbox 173 2899 285 2960; x_wconf 87' lang='lat' dir='ltr'>librum</span> <span class='ocrx_word' id='word_1_150' title='bbox 310 2920 397 2959; x_wconf 91' lang='lat' dir='ltr'>suum</span> <span class='ocrx_word' id='word_1_151' title='bbox 422 2899 537 2979; x_wconf 89' lang='lat' dir='ltr'>publici</span> <span class='ocrx_word' id='word_1_152' title='bbox 562 2901 636 2959; x_wconf 87' lang='lat' dir='ltr'>iuris</span> <span class='ocrx_word' id='word_1_153' title='bbox 660 2902 783 2961; x_wconf 87' lang='lat' dir='ltr'>iaceret.</span> <span class='ocrx_word' id='word_1_154' title='bbox 832 2899 922 2976; x_wconf 90' lang='lat' dir='ltr'>Quod</span> <span class='ocrx_word' id='word_1_155' title='bbox 947 2899 1071 2979; x_wconf 88' lang='lat' dir='ltr'>quando</span> <span class='ocrx_word' id='word_1_156' title='bbox 1096 2899 1253 2973; x_wconf 80' lang='lat' dir='ltr'>acciderit,</span> <span class='ocrx_word' id='word_1_157' title='bbox 1278 2900 1494 2980; x_wconf 88' lang='lat' dir='ltr'>cognoscimus</span> <span class='ocrx_word' id='word_1_158' title='bbox 1518 2922 1535 2959; x_wconf 90' lang='lat' dir='ltr'>e</span> <span class='ocrx_word' id='word_1_159' title='bbox 1559 2898 1699 2959; x_wconf 89' lang='lat' dir='ltr'>versibus</span> <span class='ocrx_word' id='word_1_160' title='bbox 1724 2896 1764 2956; x_wconf 85' lang='lat'>26</span> <span class='ocrx_word' id='word_1_161' title='bbox 1789 2916 1872 2976; x_wconf 82' lang='lat' dir='ltr'>sqq:</span> 
     </span>
    </p>

    <p class='ocr_par' dir='ltr' id='par_1_4' title="bbox 600 3006 1379 3295">
     <span class='ocr_line' id='line_1_14' title="bbox 603 3006 1330 3084; baseline -0.003 -19"><span class='ocrx_word' id='word_1_162' title='bbox 603 3007 683 3065; x_wconf 82' lang='lat' dir='ltr'>Forte</span> <span class='ocrx_word' id='word_1_163' title='bbox 706 3026 794 3066; x_wconf 85' lang='lat' dir='ltr'>meum</span> <span class='ocrx_word' id='word_1_164' title='bbox 819 3011 844 3066; x_wconf 81' lang='lat' dir='ltr'>si</span> <span class='ocrx_word' id='word_1_165' title='bbox 867 3011 926 3084; x_wconf 83' lang='lat' dir='ltr'>quis</span> <span class='ocrx_word' id='word_1_166' title='bbox 951 3015 974 3064; x_wconf 84' lang='lat' dir='ltr'>te</span> <span class='ocrx_word' id='word_1_167' title='bbox 994 3006 1201 3084; x_wconf 81' lang='lat' dir='ltr'>percontabitur</span> <span class='ocrx_word' id='word_1_168' title='bbox 1224 3024 1330 3081; x_wconf 84' lang='lat' dir='ltr'>aecum,</span> 
     </span>
     <span class='ocr_line' id='line_1_15' title="bbox 606 3112 1379 3190; baseline 0.003 -21"><span class='ocrx_word' id='word_1_169' title='bbox 606 3132 646 3169; x_wconf 86' lang='lat' dir='ltr'>me</span> <span class='ocrx_word' id='word_1_170' title='bbox 670 3122 767 3189; x_wconf 75' lang='lat' dir='ltr'>pituier·</span> <span class='ocrx_word' id='word_1_171' title='bbox 791 3114 912 3171; x_wconf 79' lang='lat' dir='ltr'>ttrsdeuos</span> <span class='ocrx_word' id='word_1_172' title='bbox 935 3116 1005 3170; x_wconf 78' lang='lat' dir='ltr'>sciui</span> <span class='ocrx_word' id='word_1_173' title='bbox 1027 3113 1180 3190; x_wconf 76' lang='lat' dir='ltr'>implevisse</span> <span class='ocrx_word' id='word_1_174' title='bbox 1205 3112 1379 3187; x_wconf 72' lang='lat' dir='ltr'>Decembres,</span> 
     </span>
     <span class='ocr_line' id='line_1_16' title="bbox 600 3216 1302 3295; baseline 0.004 -22"><span class='ocrx_word' id='word_1_175' title='bbox 600 3219 729 3291; x_wconf 77' lang='lat' dir='ltr'>codepum</span> <span class='ocrx_word' id='word_1_176' title='bbox 756 3216 890 3295; x_wconf 63' lang='lat' dir='ltr'>lepidum</span> <span class='ocrx_word' id='word_1_177' title='bbox 914 3238 967 3295; x_wconf 83' lang='lat' dir='ltr'>quc</span> <span class='ocrx_word' id='word_1_178' title='bbox 991 3216 1070 3275; x_wconf 78' lang='lat' dir='ltr'>duxit</span> <span class='ocrx_word' id='word_1_179' title='bbox 1093 3216 1197 3276; x_wconf 80' lang='lat' dir='ltr'>Lollius</span> <span class='ocrx_word' id='word_1_180' title='bbox 1222 3239 1302 3276; x_wconf 81' lang='lat' dir='ltr'>auno.</span> 
     </span>
    </p>

    <p class='ocr_par' dir='ltr' id='par_1_5' title="bbox 171 3321 1990 4468">
     <span class='ocr_line' id='line_1_17' title="bbox 332 3321 1988 3404; baseline 0.001 -20"><span class='ocrx_word' id='word_1_181' title='bbox 332 3326 515 3403; x_wconf 82' lang='lat' dir='ltr'>Quanquam</span> <span class='ocrx_word' id='word_1_182' title='bbox 548 3325 629 3385; x_wconf 89' lang='lat' dir='ltr'>docti</span> <span class='ocrx_word' id='word_1_183' title='bbox 663 3325 720 3384; x_wconf 89' lang='lat' dir='ltr'>viri</span> <span class='ocrx_word' id='word_1_184' title='bbox 752 3325 828 3384; x_wconf 87' lang='lat' dir='ltr'>lracc</span> <span class='ocrx_word' id='word_1_185' title='bbox 862 3325 955 3386; x_wconf 89' lang='lat' dir='ltr'>verba</span> <span class='ocrx_word' id='word_1_186' title='bbox 978 3326 1213 3404; x_wconf 81' lang='lat' dir='ltr'>interpretantes</span> <span class='ocrx_word' id='word_1_187' title='bbox 1238 3325 1347 3383; x_wconf 91' lang='lat' dir='ltr'>mirum</span> <span class='ocrx_word' id='word_1_188' title='bbox 1371 3324 1401 3382; x_wconf 91' lang='lat' dir='ltr'>in</span> <span class='ocrx_word' id='word_1_189' title='bbox 1427 3322 1551 3384; x_wconf 91' lang='lat' dir='ltr'>modum</span> <span class='ocrx_word' id='word_1_190' title='bbox 1576 3321 1766 3383; x_wconf 88' lang='lat' dir='ltr'>dissentiunt.</span> <span class='ocrx_word' id='word_1_191' title='bbox 1813 3321 1892 3384; x_wconf 83' lang='lat' dir='ltr'>Nam</span> <span class='ocrx_word' id='word_1_192' title='bbox 1918 3345 1988 3386; x_wconf 89' lang='lat' dir='ltr'>cum</span> 
     </span>
     <span class='ocr_line' id='line_1_18' title="bbox 173 3428 1989 3513; baseline 0.005 -26"><span class='ocrx_word' id='word_1_193' title='bbox 173 3450 262 3489; x_wconf 88' lang='lat' dir='ltr'>ncmo</span> <span class='ocrx_word' id='word_1_194' title='bbox 279 3431 417 3490; x_wconf 89' lang='lat' dir='ltr'>dubitare</span> <span class='ocrx_word' id='word_1_195' title='bbox 442 3433 547 3509; x_wconf 72' lang='lat' dir='ltr'>possit,</span> <span class='ocrx_word' id='word_1_196' title='bbox 573 3433 646 3510; x_wconf 90' lang='lat' dir='ltr'>quin</span> <span class='ocrx_word' id='word_1_197' title='bbox 662 3431 795 3511; x_wconf 86' lang='lat' dir='ltr'>epistula</span> <span class='ocrx_word' id='word_1_198' title='bbox 810 3429 870 3490; x_wconf 85' lang='lat' dir='ltr'>XX</span> <span class='ocrx_word' id='word_1_199' title='bbox 887 3438 956 3511; x_wconf 89' lang='lat' dir='ltr'>post</span> <span class='ocrx_word' id='word_1_200' title='bbox 980 3450 1115 3492; x_wconf 89' lang='lat' dir='ltr'>mensem</span> <span class='ocrx_word' id='word_1_201' title='bbox 1133 3431 1333 3492; x_wconf 84' lang='lat' dir='ltr'>Decembrem</span> <span class='ocrx_word' id='word_1_202' title='bbox 1354 3452 1381 3492; x_wconf 88' lang='lat' dir='ltr'>a.</span> <span class='ocrx_word' id='word_1_203' title='bbox 1402 3428 1476 3506; x_wconf 80' lang='lat'><strong>733,</strong></span> <span class='ocrx_word' id='word_1_204' title='bbox 1501 3449 1562 3509; x_wconf 90' lang='lat' dir='ltr'>quo</span> <span class='ocrx_word' id='word_1_205' title='bbox 1579 3450 1659 3491; x_wconf 90' lang='lat' dir='ltr'>auno</span> <span class='ocrx_word' id='word_1_206' title='bbox 1677 3431 1795 3492; x_wconf 86' lang='lat' dir='ltr'>Lollius</span> <span class='ocrx_word' id='word_1_207' title='bbox 1811 3439 1841 3492; x_wconf 89' lang='lat' dir='ltr'>et</span> <span class='ocrx_word' id='word_1_208' title='bbox 1856 3433 1989 3513; x_wconf 87' lang='lat' dir='ltr'>Lepidus</span> 
     </span>
     <span class='ocr_line' id='line_1_19' title="bbox 174 3534 1989 3623; baseline 0.004 -29"><span class='ocrx_word' id='word_1_209' title='bbox 174 3534 314 3594; x_wconf 86' lang='lat' dir='ltr'>consules</span> <span class='ocrx_word' id='word_1_210' title='bbox 342 3538 477 3609; x_wconf 63' lang='lat' dir='ltr'>luerunt„</span> <span class='ocrx_word' id='word_1_211' title='bbox 512 3541 681 3616; x_wconf 90' lang='lat' dir='ltr'>composita</span> <span class='ocrx_word' id='word_1_212' title='bbox 704 3541 757 3609; x_wconf 83' lang='lat' dir='ltr'>sit,</span> <span class='ocrx_word' id='word_1_213' title='bbox 788 3545 890 3600; x_wconf 90' lang='lat' dir='ltr'>tamen</span> <span class='ocrx_word' id='word_1_214' title='bbox 914 3547 998 3612; x_wconf 78' lang='lat' dir='ltr'>sunt,</span> <span class='ocrx_word' id='word_1_215' title='bbox 1031 3540 1083 3617; x_wconf 91' lang='lat' dir='ltr'>qui</span> <span class='ocrx_word' id='word_1_216' title='bbox 1107 3539 1209 3598; x_wconf 91' lang='lat' dir='ltr'>nimiis</span> <span class='ocrx_word' id='word_1_217' title='bbox 1236 3539 1361 3618; x_wconf 79' lang='lat' dir='ltr'>argutiis</span> <span class='ocrx_word' id='word_1_218' title='bbox 1393 3540 1439 3598; x_wconf 91' lang='lat' dir='ltr'>usi</span> <span class='ocrx_word' id='word_1_219' title='bbox 1471 3536 1555 3596; x_wconf 90' lang='lat' dir='ltr'>alind</span> <span class='ocrx_word' id='word_1_220' title='bbox 1588 3538 1754 3618; x_wconf 87' lang='lat' dir='ltr'>quidquam</span> <span class='ocrx_word' id='word_1_221' title='bbox 1788 3540 1859 3601; x_wconf 90' lang='lat' dir='ltr'>iude</span> <span class='ocrx_word' id='word_1_222' title='bbox 1883 3539 1989 3623; x_wconf 78' lang='lat' dir='ltr'>colligi</span> 
     </span>
     <span class='ocr_line' id='line_1_20' title="bbox 172 3641 1988 3723; baseline 0.004 -23"><span class='ocrx_word' id='word_1_223' title='bbox 172 3661 263 3721; x_wconf 84' lang='lat' dir='ltr'>posse</span> <span class='ocrx_word' id='word_1_224' title='bbox 295 3641 335 3700; x_wconf 93' lang='lat' dir='ltr'>ita</span> <span class='ocrx_word' id='word_1_225' title='bbox 360 3649 485 3720; x_wconf 68' lang='lat' dir='ltr'>negent,</span> <span class='ocrx_word' id='word_1_226' title='bbox 518 3650 551 3701; x_wconf 90' lang='lat' dir='ltr'>ut</span> <span class='ocrx_word' id='word_1_227' title='bbox 574 3643 785 3721; x_wconf 89' lang='lat' dir='ltr'>compluribus</span> <span class='ocrx_word' id='word_1_228' title='bbox 817 3647 904 3705; x_wconf 91' lang='lat' dir='ltr'>annis</span> <span class='ocrx_word' id='word_1_229' title='bbox 936 3651 1006 3723; x_wconf 89' lang='lat' dir='ltr'>post</span> <span class='ocrx_word' id='word_1_230' title='bbox 1037 3663 1149 3704; x_wconf 87' lang='lat' dir='ltr'>annum</span> <span class='ocrx_word' id='word_1_231' title='bbox 1176 3641 1238 3703; x_wconf 82' lang='lat'>733</span> <span class='ocrx_word' id='word_1_232' title='bbox 1272 3663 1339 3704; x_wconf 90' lang='lat' dir='ltr'>eam</span> <span class='ocrx_word' id='word_1_233' title='bbox 1372 3645 1516 3722; x_wconf 90' lang='lat' dir='ltr'>scriptam</span> <span class='ocrx_word' id='word_1_234' title='bbox 1550 3662 1616 3703; x_wconf 90' lang='lat' dir='ltr'>esse</span> <span class='ocrx_word' id='word_1_235' title='bbox 1648 3650 1764 3722; x_wconf 88' lang='lat' dir='ltr'>putent.</span> <span class='ocrx_word' id='word_1_236' title='bbox 1777 3649 1804 3719; x_wconf 86' lang='lat'>¹)</span> <span class='ocrx_word' id='word_1_237' title='bbox 1850 3644 1988 3721; x_wconf 90' lang='lat' dir='ltr'>Quorum</span> 
     </span>
     <span class='ocr_line' id='line_1_21' title="bbox 172 3747 1989 3831; baseline 0.003 -23"><span class='ocrx_word' id='word_1_238' title='bbox 172 3747 352 3808; x_wconf 86' lang='lat' dir='ltr'>seutentiam</span> <span class='ocrx_word' id='word_1_239' title='bbox 377 3748 477 3806; x_wconf 86' lang='lat' dir='ltr'>iacere</span> <span class='ocrx_word' id='word_1_240' title='bbox 493 3765 554 3807; x_wconf 90' lang='lat' dir='ltr'>uon</span> <span class='ocrx_word' id='word_1_241' title='bbox 572 3767 695 3827; x_wconf 83' lang='lat' dir='ltr'>possum</span> <span class='ocrx_word' id='word_1_242' title='bbox 720 3752 793 3828; x_wconf 90' lang='lat' dir='ltr'>quin</span> <span class='ocrx_word' id='word_1_243' title='bbox 811 3749 903 3810; x_wconf 86' lang='lat' dir='ltr'>valde</span> <span class='ocrx_word' id='word_1_244' title='bbox 919 3750 1099 3829; x_wconf 89' lang='lat' dir='ltr'>improbem.</span> <span class='ocrx_word' id='word_1_245' title='bbox 1133 3749 1221 3824; x_wconf 84' lang='lat' dir='ltr'>Quae</span> <span class='ocrx_word' id='word_1_246' title='bbox 1236 3751 1317 3810; x_wconf 91' lang='lat' dir='ltr'>euim</span> <span class='ocrx_word' id='word_1_247' title='bbox 1334 3770 1428 3811; x_wconf 80' lang='lat' dir='ltr'>carisa</span> <span class='ocrx_word' id='word_1_248' title='bbox 1448 3757 1549 3830; x_wconf 89' lang='lat' dir='ltr'>potest</span> <span class='ocrx_word' id='word_1_249' title='bbox 1565 3751 1746 3831; x_wconf 79' lang='lat' dir='ltr'>excogitari,</span> <span class='ocrx_word' id='word_1_250' title='bbox 1771 3770 1826 3811; x_wconf 87' lang='lat' dir='ltr'>our</span> <span class='ocrx_word' id='word_1_251' title='bbox 1844 3750 1989 3813; x_wconf 86' lang='lat' dir='ltr'>Horatius</span> 
     </span>
     <span class='ocr_line' id='line_1_22' title="bbox 171 3852 1989 3934; baseline 0.004 -21"><span class='ocrx_word' id='word_1_252' title='bbox 171 3873 233 3926; x_wconf 82' lang='lat' dir='ltr'>non</span> <span class='ocrx_word' id='word_1_253' title='bbox 257 3853 322 3912; x_wconf 87' lang='lat' dir='ltr'>cius</span> <span class='ocrx_word' id='word_1_254' title='bbox 346 3852 456 3929; x_wconf 79' lang='lat' dir='ltr'>ipsius,</span> <span class='ocrx_word' id='word_1_255' title='bbox 486 3870 546 3930; x_wconf 91' lang='lat' dir='ltr'>quo</span> <span class='ocrx_word' id='word_1_256' title='bbox 571 3854 733 3932; x_wconf 88' lang='lat' dir='ltr'>epistulam</span> <span class='ocrx_word' id='word_1_257' title='bbox 757 3855 927 3932; x_wconf 81' lang='lat' dir='ltr'>scripserit,</span> <span class='ocrx_word' id='word_1_258' title='bbox 952 3855 1005 3915; x_wconf 88' lang='lat' dir='ltr'>sed</span> <span class='ocrx_word' id='word_1_259' title='bbox 1030 3857 1140 3934; x_wconf 90' lang='lat' dir='ltr'>prioris</span> <span class='ocrx_word' id='word_1_260' title='bbox 1164 3857 1269 3916; x_wconf 88' lang='lat' dir='ltr'>nescio</span> <span class='ocrx_word' id='word_1_261' title='bbox 1294 3857 1380 3917; x_wconf 90' lang='lat' dir='ltr'>cuius</span> <span class='ocrx_word' id='word_1_262' title='bbox 1403 3858 1476 3918; x_wconf 84' lang='lat' dir='ltr'>anni</span> <span class='ocrx_word' id='word_1_263' title='bbox 1500 3856 1644 3919; x_wconf 87' lang='lat' dir='ltr'>consules</span> <span class='ocrx_word' id='word_1_264' title='bbox 1667 3857 1891 3919; x_wconf 80' lang='lat' dir='ltr'>nominaverit?</span> <span class='ocrx_word' id='word_1_265' title='bbox 1938 3859 1989 3920; x_wconf 79' lang='lat' dir='ltr'>An</span> 
     </span>
     <span class='ocr_line' id='line_1_23' title="bbox 173 3958 1989 4038; baseline 0.005 -21"><span class='ocrx_word' id='word_1_266' title='bbox 173 3967 261 4038; x_wconf 89' lang='lat' dir='ltr'>putas</span> <span class='ocrx_word' id='word_1_267' title='bbox 286 3980 355 4018; x_wconf 89' lang='lat' dir='ltr'>cum</span> <span class='ocrx_word' id='word_1_268' title='bbox 380 3958 516 4021; x_wconf 88' lang='lat' dir='ltr'>Obbario</span> <span class='ocrx_word' id='word_1_269' title='bbox 542 3968 662 4038; x_wconf 89' lang='lat' dir='ltr'>poetam</span> <span class='ocrx_word' id='word_1_270' title='bbox 687 3960 745 4020; x_wconf 86' lang='lat' dir='ltr'>hac</span> <span class='ocrx_word' id='word_1_271' title='bbox 769 3978 803 4019; x_wconf 89' lang='lat' dir='ltr'>re</span> <span class='ocrx_word' id='word_1_272' title='bbox 823 3959 923 4021; x_wconf 90' lang='lat' dir='ltr'>Lollio</span> <span class='ocrx_word' id='word_1_273' title='bbox 947 3960 1090 4020; x_wconf 84' lang='lat' dir='ltr'>familiari</span> <span class='ocrx_word' id='word_1_274' title='bbox 1115 3967 1155 4033; x_wconf 86' lang='lat' dir='ltr'>(c.</span> <span class='ocrx_word' id='word_1_275' title='bbox 1176 3960 1230 4034; x_wconf 85' lang='lat' dir='ltr'>IV,</span> <span class='ocrx_word' id='word_1_276' title='bbox 1248 3959 1285 4036; x_wconf 84' lang='lat'>9)</span> <span class='ocrx_word' id='word_1_277' title='bbox 1308 3962 1514 4022; x_wconf 81' lang='lat' dir='ltr'>testimonium</span> <span class='ocrx_word' id='word_1_278' title='bbox 1539 3964 1693 4024; x_wconf 85' lang='lat' dir='ltr'>amicitiae</span> <span class='ocrx_word' id='word_1_279' title='bbox 1716 3964 1807 4025; x_wconf 85' lang='lat' dir='ltr'>edere</span> <span class='ocrx_word' id='word_1_280' title='bbox 1830 3965 1861 4024; x_wconf 92' lang='lat' dir='ltr'>in</span> <span class='ocrx_word' id='word_1_281' title='bbox 1886 3966 1989 4027; x_wconf 89' lang='lat' dir='ltr'>animo</span> 
     </span>
     <span class='ocr_line' id='line_1_24' title="bbox 173 4065 1990 4147; baseline 0.002 -22"><span class='ocrx_word' id='word_1_282' title='bbox 173 4067 334 4126; x_wconf 81' lang='lat' dir='ltr'>habuisse?</span> <span class='ocrx_word' id='word_1_283' title='bbox 381 4065 439 4126; x_wconf 83' lang='lat' dir='ltr'>Sed</span> <span class='ocrx_word' id='word_1_284' title='bbox 458 4065 707 4145; x_wconf 86' lang='lat' dir='ltr'>quandoquidem</span> <span class='ocrx_word' id='word_1_285' title='bbox 724 4065 854 4128; x_wconf 87' lang='lat' dir='ltr'>Romani</span> <span class='ocrx_word' id='word_1_286' title='bbox 878 4068 917 4128; x_wconf 89' lang='lat' dir='ltr'>ad</span> <span class='ocrx_word' id='word_1_287' title='bbox 937 4088 1035 4128; x_wconf 90' lang='lat' dir='ltr'>annos</span> <span class='ocrx_word' id='word_1_288' title='bbox 1051 4068 1280 4147; x_wconf 83' lang='lat' dir='ltr'>distinguendos</span> <span class='ocrx_word' id='word_1_289' title='bbox 1305 4069 1355 4128; x_wconf 85' lang='lat' dir='ltr'>vel</span> <span class='ocrx_word' id='word_1_290' title='bbox 1372 4067 1553 4129; x_wconf 79' lang='lat' dir='ltr'>indicandos</span> <span class='ocrx_word' id='word_1_291' title='bbox 1577 4069 1738 4129; x_wconf 89' lang='lat' dir='ltr'>consulum</span> <span class='ocrx_word' id='word_1_292' title='bbox 1756 4069 1930 4132; x_wconf 87' lang='lat' dir='ltr'>nominibus</span> <span class='ocrx_word' id='word_1_293' title='bbox 1946 4072 1990 4129; x_wconf 92' lang='lat' dir='ltr'>uti</span> 
     </span>
     <span class='ocr_line' id='line_1_25' title="bbox 174 4171 1990 4254; baseline 0.004 -25"><span class='ocrx_word' id='word_1_294' title='bbox 174 4179 407 4231; x_wconf 76' lang='lat' dir='ltr'>crorrsueverant.</span> <span class='ocrx_word' id='word_1_295' title='bbox 426 4192 545 4246; x_wconf 54' lang='lat' dir='ltr'>vereor,</span> <span class='ocrx_word' id='word_1_296' title='bbox 563 4184 594 4232; x_wconf 89' lang='lat' dir='ltr'>ut</span> <span class='ocrx_word' id='word_1_297' title='bbox 604 4171 642 4230; x_wconf 83' lang='lat' dir='ltr'>bi.</span> <span class='ocrx_word' id='word_1_298' title='bbox 654 4171 771 4232; x_wconf 89' lang='lat' dir='ltr'>Lollius</span> <span class='ocrx_word' id='word_1_299' title='bbox 782 4173 995 4233; x_wconf 88' lang='lat' dir='ltr'>ornatissimus</span> <span class='ocrx_word' id='word_1_300' title='bbox 1007 4172 1090 4232; x_wconf 94' lang='lat' dir='ltr'>illius</span> <span class='ocrx_word' id='word_1_301' title='bbox 1102 4175 1211 4233; x_wconf 86' lang='lat' dir='ltr'>aetatis</span> <span class='ocrx_word' id='word_1_302' title='bbox 1225 4174 1281 4245; x_wconf 77' lang='lat' dir='ltr'>vir,</span> <span class='ocrx_word' id='word_1_303' title='bbox 1299 4192 1389 4253; x_wconf 89' lang='lat' dir='ltr'>quem</span> <span class='ocrx_word' id='word_1_304' title='bbox 1401 4174 1440 4235; x_wconf 90' lang='lat' dir='ltr'>ab</span> <span class='ocrx_word' id='word_1_305' title='bbox 1449 4174 1592 4254; x_wconf 82' lang='lat' dir='ltr'>Augusto</span> <span class='ocrx_word' id='word_1_306' title='bbox 1608 4174 1805 4254; x_wconf 79' lang='lat' dir='ltr'>amplissimis</span> <span class='ocrx_word' id='word_1_307' title='bbox 1822 4175 1990 4239; x_wconf 89' lang='lat' dir='ltr'>honoribus</span> 
     </span>
     <span class='ocr_line' id='line_1_26' title="bbox 174 4276 1989 4362; baseline 0.004 -27"><span class='ocrx_word' id='word_1_308' title='bbox 174 4276 314 4337; x_wconf 82' lang='lat' dir='ltr'>affectum</span> <span class='ocrx_word' id='word_1_309' title='bbox 341 4298 406 4338; x_wconf 88' lang='lat' dir='ltr'>csse</span> <span class='ocrx_word' id='word_1_310' title='bbox 430 4283 598 4353; x_wconf 76' lang='lat' dir='ltr'>constat,²)</span> <span class='ocrx_word' id='word_1_311' title='bbox 627 4279 709 4358; x_wconf 90' lang='lat' dir='ltr'>quod</span> <span class='ocrx_word' id='word_1_312' title='bbox 735 4280 832 4341; x_wconf 90' lang='lat' dir='ltr'>obiter</span> <span class='ocrx_word' id='word_1_313' title='bbox 855 4283 897 4340; x_wconf 90' lang='lat' dir='ltr'>ita</span> <span class='ocrx_word' id='word_1_314' title='bbox 920 4279 958 4341; x_wconf 89' lang='lat' dir='ltr'>ab</span> <span class='ocrx_word' id='word_1_315' title='bbox 983 4279 1109 4340; x_wconf 87' lang='lat' dir='ltr'>Horatio</span> <span class='ocrx_word' id='word_1_316' title='bbox 1134 4283 1308 4340; x_wconf 87' lang='lat' dir='ltr'>nominatus</span> <span class='ocrx_word' id='word_1_317' title='bbox 1332 4283 1380 4353; x_wconf 78' lang='lat' dir='ltr'>sit,</span> <span class='ocrx_word' id='word_1_318' title='bbox 1405 4300 1536 4362; x_wconf 84' lang='lat' dir='ltr'>magnae</span> <span class='ocrx_word' id='word_1_319' title='bbox 1559 4282 1642 4342; x_wconf 89' lang='lat' dir='ltr'>laudi</span> <span class='ocrx_word' id='word_1_320' title='bbox 1667 4282 1724 4343; x_wconf 90' lang='lat' dir='ltr'>sibi</span> <span class='ocrx_word' id='word_1_321' title='bbox 1750 4284 1883 4344; x_wconf 87' lang='lat' dir='ltr'>verterit.</span> <span class='ocrx_word' id='word_1_322' title='bbox 1929 4279 1989 4357; x_wconf 87' lang='lat' dir='ltr'>Qui</span> 
     </span>
     <span class='ocr_line' id='line_1_27' title="bbox 174 4382 1990 4468; baseline 0.004 -27"><span class='ocrx_word' id='word_1_323' title='bbox 174 4391 274 4443; x_wconf 88' lang='lat' dir='ltr'>sutem</span> <span class='ocrx_word' id='word_1_324' title='bbox 290 4382 449 4444; x_wconf 87' lang='lat' dir='ltr'>Horatium</span> <span class='ocrx_word' id='word_1_325' title='bbox 474 4388 517 4445; x_wconf 87' lang='lat' dir='ltr'>ita</span> <span class='ocrx_word' id='word_1_326' title='bbox 540 4386 675 4446; x_wconf 89' lang='lat' dir='ltr'>locutum</span> <span class='ocrx_word' id='word_1_327' title='bbox 699 4406 766 4448; x_wconf 87' lang='lat' dir='ltr'>esse</span> <span class='ocrx_word' id='word_1_328' title='bbox 789 4389 954 4468; x_wconf 89' lang='lat' dir='ltr'>opinantur</span> <span class='ocrx_word' id='word_1_329' title='bbox 977 4394 1141 4467; x_wconf 88' lang='lat' dir='ltr'>propterea</span> <span class='ocrx_word' id='word_1_330' title='bbox 1164 4386 1246 4465; x_wconf 86' lang='lat' dir='ltr'>quod</span> <span class='ocrx_word' id='word_1_331' title='bbox 1264 4394 1318 4446; x_wconf 88' lang='lat' dir='ltr'>aut</span> <span class='ocrx_word' id='word_1_332' title='bbox 1332 4406 1431 4448; x_wconf 87' lang='lat' dir='ltr'>annus</span> <span class='ocrx_word' id='word_1_333' title='bbox 1447 4388 1702 4467; x_wconf 80' lang='lat' dir='ltr'>quadragesimus</span> <span class='ocrx_word' id='word_1_334' title='bbox 1726 4394 1853 4467; x_wconf 86' lang='lat' dir='ltr'>quartus</span> <span class='ocrx_word' id='word_1_335' title='bbox 1869 4387 1990 4449; x_wconf 78' lang='lat' dir='ltr'>facilius</span> 
     </span>
    </p>
   </div>
   <div class='ocr_carea' id='block_1_3' title="bbox 335 4625 1787 4772">
    <p class='ocr_par' dir='ltr' id='par_1_6' title="bbox 335 4625 1787 4772">
     <span class='ocr_line' id='line_1_28' title="bbox 335 4625 1764 4702; baseline 0 -21"><span class='ocrx_word' id='word_1_336' title='bbox 335 4631 356 4691; x_wconf 82' lang='lat'>¹)</span> <span class='ocrx_word' id='word_1_337' title='bbox 376 4628 544 4684; x_wconf 84' lang='lat' dir='ltr'>Obbsrius</span> <span class='ocrx_word' id='word_1_338' title='bbox 563 4633 590 4682; x_wconf 93' lang='lat' dir='ltr'>iu</span> <span class='ocrx_word' id='word_1_339' title='bbox 609 4631 673 4698; x_wconf 76' lang='lat' dir='ltr'>epil.</span> <span class='ocrx_word' id='word_1_340' title='bbox 693 4631 728 4682; x_wconf 85' lang='lat' dir='ltr'>ad</span> <span class='ocrx_word' id='word_1_341' title='bbox 748 4648 788 4699; x_wconf 83' lang='lat' dir='ltr'>cp.</span> <span class='ocrx_word' id='word_1_342' title='bbox 811 4631 836 4699; x_wconf 76' lang='lat' dir='ltr'>¹·e</span> <span class='ocrx_word' id='word_1_343' title='bbox 856 4629 904 4685; x_wconf 67' lang='lat'>20:</span> <span class='ocrx_word' id='word_1_344' title='bbox 925 4639 989 4684; x_wconf 86' lang='lat' dir='ltr'>tom.</span> <span class='ocrx_word' id='word_1_345' title='bbox 1008 4630 1032 4684; x_wconf 81' lang='lat'>2.</span> <span class='ocrx_word' id='word_1_346' title='bbox 1053 4651 1077 4702; x_wconf 82' lang='lat' dir='ltr'>p.</span> <span class='ocrx_word' id='word_1_347' title='bbox 1097 4629 1149 4687; x_wconf 75' lang='lat'>558</span> <span class='ocrx_word' id='word_1_348' title='bbox 1168 4645 1227 4697; x_wconf 83' lang='lat' dir='ltr'>sqq.</span> <span class='ocrx_word' id='word_1_349' title='bbox 1249 4658 1282 4668; x_wconf 94' lang='lat'><em>-</em></span> <span class='ocrx_word' id='word_1_350' title='bbox 1303 4629 1326 4694; x_wconf 87' lang='lat'>²)</span> <span class='ocrx_word' id='word_1_351' title='bbox 1346 4627 1429 4681; x_wconf 86' lang='lat' dir='ltr'>vett.</span> <span class='ocrx_word' id='word_1_352' title='bbox 1450 4628 1490 4683; x_wconf 87' lang='grc' dir='ltr'><strong>ΙΙ..</strong></span> <span class='ocrx_word' id='word_1_353' title='bbox 1509 4625 1558 4695; x_wconf 57' lang='lat'>&amp;73</span> <span class='ocrx_word' id='word_1_354' title='bbox 1576 4628 1639 4683; x_wconf 85' lang='lat' dir='ltr'>Dio</span> <span class='ocrx_word' id='word_1_355' title='bbox 1658 4626 1702 4698; x_wconf 70' lang='lat'>54,</span> <span class='ocrx_word' id='word_1_356' title='bbox 1720 4628 1764 4683; x_wconf 71' lang='lat'>20.</span> 
     </span>
     <span class='ocr_line' id='line_1_29' title="bbox 1773 4719 1787 4772; baseline 0 0"><span class='ocrx_word' id='word_1_357' title='bbox 1773 4719 1787 4772; x_wconf 87' lang='lat' dir='ltr'>l</span> 
     </span>
    </p>
   </div>
   <div class='ocr_carea' id='block_1_4' title="bbox 0 0 2188 5482">
    <p class='ocr_par' dir='ltr' id='par_1_7' title="bbox 0 0 2188 5482">
     <span class='ocr_line' id='line_1_30' title="bbox 0 0 2188 5482; baseline 0 0"><span class='ocrx_word' id='word_1_358' title='bbox 0 0 2188 5482; x_wconf 95' lang='lat' dir='ltr'> </span> 
     </span>
    </p>
   </div>
  </div>
 </body>
</html>
