4350 5482
956 211 1164 221 -η--ῥ-μᾳ

143 359 205 400 nrm
229 356 309 399 auno
336 334 397 396 735
424 336 523 396 saetae
547 342 657 397 essent.
703 333 782 410 Quid
809 335 925 396 mtrlta?
961 335 1283 408 contraRibbech21)
1309 333 1461 393 renitendo
1488 353 1610 393 seranni
1636 333 1722 392 illurn
1749 352 1808 391 non
1833 334 1967 401 altatare,

145 441 496 525 quomiuuslepistulsru
522 438 581 500 XII
605 460 631 500 a.
660 437 721 501 731
745 441 891 519 scriptam
917 460 983 502 esse
1007 442 1186 503 iudicemus.

152 530 156 535 Ι
292 548 357 617 ,Cui
383 554 484 608 autem
517 547 607 610 buius
631 547 700 607 anni
734 547 813 625 part-i
836 548 1019 627 ascribenda
1043 551 1095 622 ait2
1128 549 1301 609 accuratius
1335 548 1549 626 indagantibus
1581 548 1717 607 subsidio
1747 546 1834 605 nobis
1862 564 1969 603 sersus

141 657 268 754 pltirnns
293 663 383 723 esset,
409 654 466 712 nisi
491 632 583 713 lectio
608 661 685 713 esset
711 652 865 733 ambigua.
914 653 1033 713 Etenim
1058 655 1082 714 si
1110 655 1186 735 legis

1005 780 1092 819 astrea
1108 768 1209 835 stirpes

572 866 670 924 ltaliae
690 866 775 942 pleno
800 865 960 943 defundit
984 864 1070 943 Copia
1097 885 1189 931 corna,

144 981 380 1035 consentaneum
406 984 448 1032 est
475 994 542 1034 eam
568 974 634 1053 ipso
658 973 765 1032 messis
790 979 928 1048 tempore
953 972 1098 1050 scriptam
1124 992 1201 1043 esse,
1227 976 1272 1033 sin
1299 975 1374 1055 legis
1399 976 1418 1029 rt
1427 981 1485 1054 esa
1496 976 1562 1033 dit.
1596 982 1662 1051 pom
1691 992 1819 1032 messem
1845 972 1966 1039 hun-arn,

144 1079 295 1153 Quoniam
321 1078 504 1145 diiudicare,
539 1085 606 1139 utra
631 1079 722 1137 lectio
746 1095 893 1157 germana¹
916 1077 968 1149 sit,
1002 1079 1078 1137 lines
1103 1080 1283 1158 provinciae
1312 1087 1433 1140 nostrae
1459 1079 1626 1158 egreditur.
1661 1098 1836 1157 quanquam
1864 1077 1969 1137 Keller

145 1184 292 1265 desedit
316 1186 441 1264 recepit,
467 1186 601 1264 priorem
625 1183 722 1255 illam,
748 1202 839 1262 qnam
864 1202 971 1243 omnes
991 1183 1146 1245 Blandinii
1163 1185 1334 1264 perbibent,
1361 1205 1429 1245 cum
1448 1184 1603 1264 plerisque
1620 1184 1787 1244 editoribus
1804 1202 1970 1262 sequamur

143 1297 169 1350 et
196 1290 357 1369 epistulam
383 1296 517 1350 nostram
543 1289 666 1349 circiter
689 1288 791 1348 medio
814 1307 896 1348 anno
922 1286 983 1349 734
1010 1291 1215 1371 conscriptam
1241 1312 1308 1352 esse
1331 1297 1509 1351 statuamus.

301 1397 415 1457 similis
432 1398 598 1457 lectionum
622 1395 829 1474 discrepantia
853 1394 940 1454 nobis
965 1395 1096 1453 (accurrit
1116 1393 1386 1455 duodevicesima-e
1403 1391 1552 1470 epistulae
1569 1401 1690 1468 ternpus
1708 1392 1964 1468 corrrputantibns.
2005 1414 2044 1465 sp.
2059 1413 2134 1458 xvrn

141 1500 219 1562 Nam
246 1523 314 1562 cum
342 1501 509 1580 pleraeque
533 1501 731 1561 membranae
758 1520 862 1561 versura
889 1499 928 1557 56
954 1509 981 1559 et
1009 1499 1047 1558 δῖ
1074 1502 1116 1561 ita
1138 1501 1304 1561 exhibeant

576 1607 626 1665 arth
652 1606 729 1681 iletre,
755 1609 800 1684 qni
824 1608 929 1684 templis
955 1606 1122 1665 Parthorum
1145 1611 1226 1682 siquo
1249 1608 1338 1682 refiqd

573 1733 654 1788 onoc,
680 1721 705 1771 et
727 1716 752 1771 si
775 1713 841 1790 qiud
863 1712 948 1772 obest.
974 1713 1054 1771 ltalia
1078 1714 1220 1772 adircdieat
1243 1716 1338 1787 urana

141 1828 242 1883 tamen
268 1843 327 1880 non
353 1822 459 1879 desunt
487 1819 566 1880 libri.
590 1819 622 1878 iu
646 1819 757 1897 quibus
782 1818 900 1899 legatur
930 1820 1125 1901 praeteritum
1150 1827 1270 1897 tenipus
1304 1823 1449 1895 refirit.
1506 1820 1595 1893 errtd
1629 1820 1652 1876 si
1686 1820 1850 1895 penuriarum
1877 1828 1966 1891 esset,

141 1929 207 1989 lieri
233 1948 293 1987 non
319 1934 426 2005 potest.
453 1927 525 2005 quin
551 1924 713 2006 epistulam
739 1924 843 1984 Xt'lll
869 1935 937 2003 post
961 1947 988 1988 a.
1019 1924 1080 1984 tlt-l
1106 1946 1300 2005 porterernus,
1326 1926 1356 1984 id
1381 1927 1462 2003 quod
1489 1936 1670 2006 repugnaret
1697 1927 1751 1989 ets„
1776 1945 1856 2005 quae
1881 1928 1966 1984 initio

142 2035 181 2094 de
208 2036 352 2095 vicesima
378 2033 508 2114 epistula
534 2033 741 2093 disseruimus.
790 2031 848 2093 Sed
875 2052 944 2091 eum
970 2032 1040 2091 hnic
1066 2030 1190 2091 lectioni
1215 2050 1275 2089 non
1301 2030 1400 2090 sohnn
1425 2031 1561 2090 melioris
1588 2044 1677 2092 notae
1703 2031 1826 2092 erulices
1859 2052 1966 2090 verrini

143 2139 235 2198 eliam
260 2140 336 2198 ratio
362 2138 556 2199 adversetur.
589 2138 671 2215 ‹qrrrrd
697 2138 846 2198 adverbio
871 2138 960 2218 ‘aanor'
985 2158 1129 2216 praesens
1153 2146 1272 2216 tenipus
1297 2135 1476 2213 requiritur,
1510 2137 1621 2194 reiecta
1648 2137 1705 2195 hnc
1731 2156 1800 2195 curn
1825 2139 1966 2196 omnibns

142 2252 209 2325 post
235 2245 420 2317 Bentleium,
453 2252 600 2324 spirantum
625 2246 705 2307 scir».
738 2246 905 2307 editoribus
930 2246 1057 2306 alteram
1082 2244 1166 2304 illam
1192 2246 1346 2324 praeferre
1371 2262 1496 2302 successe
1520 2251 1573 2301 est.
1623 2241 1803 2316 Quaeram
1830 2245 1871 2302 ita
1897 2246 1965 2305 sint.

142 2355 232 2413 etiam
259 2353 337 2414 hauc
362 2352 525 2432 epistulam
551 2372 631 2411 anno
659 2351 720 2411 734
745 2361 844 2413 ortam
869 2373 937 2412 esse
961 2359 1051 2431 patet.
1101 2352 1134 2410 ln
1158 2350 1294 2411 ciusdem
1319 2349 1469 2429 epistulae
1496 2370 1583 2408 versu
1614 2347 1673 2407 105
1699 2359 1758 2408 cst:
1893 2334 1896 2338 ¹

576 2479 653 2537 qrrem
680 2459 813 2518 Mandela
836 2460 902 2519 bibit
924 2464 1166 2537 rapacitatisque
1185 2479 1287 2536 papius.

142 2566 238 2646 Atqui
263 2568 379 2628 Horatii
405 2566 536 2627 Sabinos
568 2587 628 2626 non
655 2588 709 2645 per
733 2575 828 2628 totum
862 2584 975 2626 artuum
1000 2566 1126 2647 l'rigidos
1158 2565 1251 2624 luisse
1276 2583 1344 2622 eum
1370 2564 1549 2642 temperiem
1575 2562 1681 2622 ltaliae
1710 2563 1885 2643 respicienti
1912 2583 1967 2641 per

142 2693 174 2731 se
193 2674 256 2733 veri
274 2672 373 2733 similo
390 2678 435 2732 est
451 2680 514 2732 trun
532 2673 599 2751 ipse
616 2679 707 2751 poeta
723 2680 859 2734 testatur.
873 2676 914 2746 ²²)
962 2672 1021 2746 Qui
1038 2672 1131 2751 igitur
1155 2673 1221 2731 lieri
1241 2673 1348 2748 potnit,
1374 2681 1403 2730 ut
1423 2679 1514 2751 poeta
1538 2672 1595 2732 hoc
1619 2672 1688 2731 loco
1706 2673 1800 2752 l'rigus
1816 2673 1902 2731 l'undi
1921 2673 1966 2730 sui

143 2779 229 2855 quasi
248 2779 506 2856 conquereretur?
530 2778 641 2839 Nonne
658 2780 782 2840 hiemali
799 2790 937 2857 tempore
961 2776 1123 2856 epistulam
1148 2778 1351 2856 coutpositam
1376 2797 1442 2837 esse
1460 2779 1530 2838 hinc
1556 2781 1697 2839 conicere
1715 2779 1805 2839 licet?
1840 2779 1967 2839 lnennte

144 2905 182 2943 an
207 2892 339 2944 exstante
362 2905 389 2942 a.
418 2882 494 2956 73t‚
528 2883 656 2945 difficile
681 2893 726 2945 est
749 2885 931 2946 diiudicata:
964 2885 988 2943 si
1013 2885 1089 2946 illud
1115 2885 1283 2960 praeferas.
1314 2892 1442 2962 quaerat.
1465 2884 1632 2963 quispiam,
1662 2885 1779 2944 etiamsi
1805 2884 1966 2943 Crassiana

143 2994 231 3075 signa
255 2992 360 3071 primis
385 2992 474 3052 huius
498 2994 569 3052 anni
595 2994 752 3055 mensibus
776 2994 896 3056 reddita
912 2996 982 3068 sint,
1007 2994 1037 3054 id
1062 2994 1144 3072 qnod
1162 3012 1218 3073 pro
1235 2999 1319 3054 certo
1336 2990 1493 3070 explorari
1514 2992 1630 3068 nequit,
1656 3010 1727 3049 num
1745 3002 1806 3049 tarn
1825 2989 1968 3049 celeriter

77 3087 83 3097 ’
144 3099 266 3158 ntnrttius
292 3099 381 3157 buius
405 3099 448 3158 rei
475 3097 603 3159 Romam
628 3102 759 3179 potuerit
785 3100 896 3160 rrtlerri.
954 3101 1023 3175 Qua
1046 3102 1083 3160 dc
1109 3122 1200 3161 causa
1225 3101 1387 3178 epist-ulain
1405 3099 1465 3159 XV
1468 3100 1510 3159 Ill
1535 3099 1677 3178 equidem
1702 3103 1837 3157 statuere
1862 3097 1964 3156 nralirn

143 3207 198 3266 snb
224 3206 316 3265 linern
341 3227 368 3264 a.
396 3204 457 3264 734
484 3208 691 3286 conscriptam
717 3229 792 3268 essee.

305 3311 374 3385 Qut»
398 3319 537 3391 tempore
563 3312 720 3393 Angustus
743 3316 809 3394 ipse.
833 3316 863 3374 in
888 3315 976 3393 Syris
1001 3325 1075 3375 erat.
1102 3315 1209 3376 eodem
1234 3315 1390 3377 Tiberiani
1416 3316 1498 3375 iussn
1525 3317 1625 3375 vitrici
1649 3316 1816 3374 Armeniae
1840 3333 1967 3391 regumn
1983 3326 2037 3379 spa
2052 3326 2096 3377 111,
2111 3327 2163 3372 vtu

143 3415 267 3496 'l'igrani
292 3417 454 3477 tradidisse
487 3426 517 3474 et·
540 3438 557 3477 e
581 3426 778 3479 monumento
804 3421 972 3500 Ancyrauo
996 3427 1027 3481 et
1049 3440 1066 3480 e
1091 3419 1192 3479 multis
1228 3440 1305 3499 qnos
1337 3431 1424 3481 antea
1457 3421 1591 3482 diximus
1628 3420 1829 3499 scriptoribus
1854 3419 1964 3479 elucet.

145 3522 194 3581 Ad
213 3522 291 3580 banc-
308 3523 537 3602 expeditionem
554 3526 674 3585 tertiam
691 3526 853 3604 epistulam
870 3532 1010 3607 spectare
1027 3529 1219 3589 manifestum
1237 3538 1289 3589 est.
1331 3528 1358 3588 Ε
1376 3548 1464 3588 versu
1486 3528 1523 3588 15
1549 3529 1637 3588 huius
1662 3526 1813 3606 epistulae
1839 3546 1966 3605 crrgrros-

146 3629 242 3686 cimns
259 3628 288 3687 in
306 3630 433 3689 cohorte
446 3649 538 3710 qnam
551 3629 693 3691 Tiberius
710 3651 814 3693 secum
832 3633 965 3694 ducebat
980 3631 1129 3694 nobilium
1146 3636 1369 3715 doctorumque
1388 3638 1531 3697 iuvenum
1546 3636 1668 3695 Celsnrn
1687 3633 1841 3712 quendam
1859 3635 1965 3703 l'nisse3

145 3735 184 3794 ad
209 3755 299 3813 quem
325 3736 395 3794 data
420 3742 465 3795 est
488 3757 535 3815 ep.
563 3737 647 3809 VIII,
673 3757 765 3817 quam
791 3740 837 3798 his
863 3741 964 3800 verbis
987 3744 1080 3820 poeta
1104 3741 1236 3801 orditur:

576 3846 799 3921 catanancen
823 3857 848 3909 el
871 3849 937 3908 bene
960 3868 1018 3908 rem
1038 3869 1135 3926 perere
1161 3850 1330 3908 Albinovano

576 3952 660 4012 illaesa
674 3963 783 4044 sopato
806 3959 880 4034 refer
904 3959 995 4015 comiti
1017 3956 1177 4032 scribaeque
1201 3956 1330 4015 berosus.

311 4057 401 4117 Adde
425 4058 485 4116 hnc
511 4078 539 4115 v.
570 4056 623 4117 ll:
877 4122 879 4127 ,

580 4166 614 4224 Ut
633 4168 745 4242 placeat
768 4171 857 4229 iurent
878 4177 1043 4244 percontare
1068 4177 1149 4248 alque
1173 4171 1284 4230 arriserit.

307 4269 393 4346 Quae
418 4290 488 4332 cum
512 4273 647 4345 desint,
672 4274 804 4335 dubitari
828 4295 889 4335 non
914 4284 1023 4354 potest,
1049 4278 1123 4354 quin
1147 4279 1212 4356 ipsa
1237 4297 1360 4357 quoqne
1384 4288 1496 4336 actara
1520 4278 1653 4356 epistula
1670 4280 1778 4339 eodem
1795 4280 1858 4337 lere
1883 4279 1965 4339 illius

148 4373 353 4457 expeditionis
377 4381 517 4456 tempore
540 4380 656 4457 scripta
680 4380 727 4439 sit.

151 4537 361 4548 u———ss—

308 4629 344 4693 ²¹)
364 4630 418 4682 Des
437 4621 566 4683 Horatius
579 4624 702 4699 Episteln
722 4631 776 4682 arrd
798 4631 873 4683 buch
893 4647 946 4683 von
966 4631 1017 4683 der
1035 4628 1174 4699 Dichtnug
1191 4647 1217 4714 p.
1237 4630 1272 4683 86
1291 4638 1318 4683 et
1336 4631 1378 4681 88.
1400 4662 1432 4669 —-
1453 4633 1489 4693 ²¹)
1508 4649 1549 4700 ep.
1569 4630 1751 4711 l.1b‚tiaqq3
1771 4639 1818 4685 set.
1836 4632 1865 4685 ll.
1884 4632 1909 4687 3.
1925 4633 1965 4687 10.
