4350 5482
1114 39 1152 96 10

219 253 295 312 obiit
317 251 410 335 pardo
438 256 603 329 antequam
626 250 770 310 Horatius
793 250 955 328 epistulam
986 253 1032 322 ad¹
1052 252 1177 311 vilicum
1203 247 1418 311 conscriberet.
1474 245 1549 307 Uter
1572 247 1610 306 ab
1633 247 1760 308 Horatio
1784 249 1814 306 in
1839 269 1865 306 c..
1890 249 1914 316 l,
1940 249 1980 311 26
2004 258 2035 310 et

217 374 243 414 c.
270 355 327 427 III,
356 354 393 413 17
418 354 606 436 appelletur,
629 355 795 434 disceptari
820 375 881 414 non
897 364 1015 436 potest.
1068 358 1152 420 Nihil
1178 358 1339 425 hahemus,
1373 374 1428 414 cur
1450 356 1660 416 existimemus
1691 354 1778 417 illum
1802 375 1869 415 esse
1893 356 2033 429 eundern,
2065 424 2071 433 ¹

218 464 304 523 cuius
337 463 443 520 mortis
475 463 504 521 in
537 461 668 542 epistula
693 460 767 520 XIV
801 464 914 523 mentio
946 463 1008 525 fiat.
1063 463 1094 523 Si
1119 471 1219 525 autem
1245 462 1283 523 ad
1307 461 1500 538 superstitem
1525 460 1661 521 Lamiam
1685 464 1821 522 carmina
1843 461 1898 522 illa
1920 464 2035 541 scripta

218 573 302 635 sunt,
334 567 364 625 id
389 567 470 644 quod
495 567 603 627 eodem
628 568 694 626 inre
717 567 801 627 credi
826 573 939 646 potest,
971 568 1046 628 nihil
1071 587 1111 627 ex
1136 568 1197 628 illis
1227 567 1267 626 de
1290 573 1428 644 tempore
1450 564 1601 643 epistulae
1635 573 1758 627 nostrae
1782 568 1929 647 colligere
1952 567 2032 627 licet.

379 670 528 751 Helegam
552 678 671 734 sextam
695 679 763 751 post
781 693 894 734 annum
915 672 976 736 729
994 682 1091 736 ortam
1109 695 1176 736 esse
1193 694 1318 736 necesse
1334 680 1376 733 est
1395 672 1590 756 constituere,
1609 674 1690 752 qnod
1708 677 1859 753 porticum
1877 675 2035 756 Agrippae

220 797 309 837 versu
328 776 369 836 ‘26
387 782 657 837 commemoratam
683 776 737 837 illo
760 797 842 838 anno
866 778 1058 839 aedificatam
1084 800 1152 841 esse
1167 781 1225 840 Dio
1243 778 1311 854 (53,
1330 778 1387 851 27)
1411 780 1577 839 memoriae
1602 780 1744 857 prodidit.
1795 782 1864 841 stis
1889 786 2034 864 temporis

218 881 331 941 indicis
356 883 386 940 in
411 883 468 942 hae
493 882 626 961 epistula
649 885 775 944 invenio
799 883 893 944 nulla.

378 986 522 1046 Secunda
545 987 677 1066 epistula
699 989 772 1066 qrrin
796 990 833 1050 ad
860 991 991 1051 eirndem
1009 992 1141 1053 Lollium
1164 994 1276 1072 scripta
1301 994 1348 1063 sit,
1374 993 1412 1054 ad
1437 1012 1528 1072 quem
1552 993 1814 1065 duodevicesima,
1841 997 1891 1054 rix
1918 998 2034 1059 dubita-

219 1097 309 1154 veris.
357 1093 435 1154 Nam
461 1093 543 1172 quod
570 1094 652 1154 Asso
674 1095 766 1155 tradit
779 1100 820 1170 36)
845 1097 926 1157 liunc
943 1097 1074 1158 Lollium
1099 1100 1138 1158 ad
1155 1099 1347 1158 consulatum
1373 1100 1550 1178 pervenisse
1573 1099 1680 1158 merito
1698 1099 1818 1157 virtutis
1839 1106 1869 1158 et
1884 1099 2033 1162 beneticio

219 1201 368 1273 Caesaris,
394 1201 423 1260 id
449 1199 625 1280 pronihilo
650 1207 733 1279 puto.
782 1200 860 1261 Nam
886 1210 1006 1282 praeter
1029 1223 1098 1263 enm
1124 1202 1268 1275 Lollium,
1292 1204 1345 1281 qui
1366 1224 1447 1279 anno
1466 1201 1528 1275 733Ι
1553 1204 1798 1273 consriliriit,³⁷)
1831 1224 1919 1264 nemo
1945 1207 2033 1266 turine

219 1309 351 1369 nominis
382 1308 543 1368 ‹onmtnn
576 1308 697 1368 iunctus
728 1316 783 1370 est.
836 1309 1008 1388 Epistulam
1039 1316 1141 1371 autern
1173 1310 1258 1371 illam
1289 1332 1316 1370 a
1344 1307 1406 1370 731
1438 1313 1582 1391 scriptam
1615 1331 1680 1372 esse
1711 1333 1804 1390 snpra
1835 1313 2032 1374 ostendimus.

218 1413 300 1488 Quid
325 1415 436 1495 igitur?
472 1435 573 1476 irrrnne
605 1415 803 1494 ineptissime,
835 1437 874 1478 ne
905 1418 1006 1478 dicam
1034 1417 1279 1489 insolentissime,
1311 1416 1456 1477 Horatius
1487 1417 1641 1477 consulari
1677 1419 1740 1477 viro
1772 1419 1844 1477 talin
1871 1426 2035 1498 praecepta

218 1522 363 1595 dedisset,
388 1524 493 1600 qualia
517 1525 545 1582 in
570 1523 701 1602 epistula
727 1522 833 1585 XVIII
857 1525 1006 1604 legimus?
1051 1525 1114 1586 Suo
1138 1527 1228 1605 igitur
1255 1527 1322 1585 Iure
1346 1523 1403 1583 viri
1428 1522 1520 1592 docti,
1554 1524 1635 1601 quod
1661 1526 1765 1584 sciam.
1799 1546 1904 1585 ‹rmnes
1928 1534 2036 1604 putruit

219 1629 353 1689 Lollium
385 1631 544 1691 consulem
577 1631 626 1691 rel
658 1637 776 1711 patrem
811 1633 860 1693 vel
888 1632 1024 1713 aliquem
1059 1639 1131 1695 natu
1164 1633 1310 1694 maiorem
1342 1636 1487 1710 agnatum
1522 1629 1587 1687 eins
1617 1629 1723 1690 irrisae.
1763 1630 1800 1688 ad
1834 1650 1925 1708 sperem
1956 1631 2035 1690 dirae

219 1735 370 1814 epistulae
400 1735 588 1795 Horatiana-e
617 1737 752 1815 scriptae
782 1739 849 1797 sint.
906 1738 963 1799 Hic
997 1747 1160 1819 postquam
1192 1739 1243 1797 sub
1275 1741 1398 1812 Asrpusto
1431 1735 1499 1792 duce
1525 1753 1597 1810 puer
1627 1751 1738 1792 suerum
1773 1738 1892 1795 rnilitum
1918 1746 1943 1795 et
1966 1736 2035 1795 hello

216 1841 386 1921 Ι(ἶαηίιιὸνπα
410 1844 476 1917 tulit,
491 1848 531 1917 ³⁸)
564 1861 705 1902 reversus
730 1862 800 1901 cum
824 1843 880 1904 illo
904 1846 935 1904 in
958 1845 1079 1906 Italiam
1110 1865 1191 1906 anno
1218 1843 1279 1903 729
1314 1845 1362 1904 rel
1387 1845 1473 1904 initio
1505 1844 1577 1904 anni
1604 1841 1666 1902 731)
1679 1847 1718 1917 ³⁹]
1743 1842 1859 1904 &niae
1883 1846 1912 1904 in
1937 1846 2037 1905 stmlia

219 1949 414 2028 eloquentiae
425 1955 466 2021 ⁴⁰)
492 1950 613 2010 videtur
636 1950 812 2012 incubuisse
835 1970 871 2012 eo
889 1952 1019 2013 consilio
1044 1958 1077 2012 nt
1092 1958 1198 2030 postea
1216 1951 1253 2010 ad
1271 1969 1335 2010 rem
1352 1949 1506 2029 publicam
1524 1951 1694 2011 accederet.
1739 1951 1828 2024 erod
1853 1954 1877 2012 si
1894 1952 2037 2011 Horatius

220 2076 290 2116 eum
322 2055 472 2139 epistulae
503 2057 657 2116 secundae
690 2078 779 2117 versu
811 2057 853 2118 68
885 2060 1021 2139 appellat
1048 2079 1181 2137 primum,
1225 2059 1387 2128 habemus,
1420 2056 1501 2134 quod
1534 2056 1612 2116 ham·
1649 2058 1810 2136 epistulam
1845 2060 1937 2136 [sarilo
1968 2064 2039 2137 pmst

220 2165 350 2224 reditum
376 2165 441 2223 eins
472 2183 511 2223 ex
543 2164 692 2243 Hispania
723 2173 751 2225 et
783 2167 889 2245 paucis
921 2168 1010 2226 annis
1042 2174 1113 2226 ante
1143 2165 1424 2225 duodevicesimam
1457 2170 1598 2241 putemus
1631 2171 1728 2223 ortam
1761 2184 1842 2222 esse.
1876 2184 1967 2240 quam
1999 2164 2037 2222 ad

221 2276 386 2328 exeuntem
412 2289 524 2328 anrrrrm
552 2268 612 2329 731
638 2291 732 2350 supra
756 2271 935 2332 rettulimus.
983 2272 1081 2332 Nimis
1105 2278 1213 2352 argute
1241 2291 1309 2331 meo
1339 2269 1461 2348 quidem
1496 2268 1607 2327 indicio
1634 2267 1806 2337 Franlre⁴¹)
1839 2290 1855 2325 e
1882 2259 1969 2326 versu
1997 2270 2036 2328 52

650 2385 679 2432 nl
701 2378 807 2453 lippiens
827 2380 918 2454 pictue
942 2378 1062 2455 tubicine,
1080 2383 1235 2455 ,firmenta
1255 2377 1412 2456 poduprmn

220 2480 338 2558 aliquid
363 2481 402 2539 de
418 2491 591 2558 temporum
608 2482 726 2542 ratione
749 2484 863 2543 eruisse
886 2485 943 2545 sibi
967 2487 1050 2545 visus
1074 2494 1127 2546 est.
1175 2486 1295 2545 Etenim
1321 2484 1362 2542 ita
1387 2501 1456 2541 enm
1473 2483 1688 2557 interpretat-us
1705 2492 1760 2541 est.
1784 2489 1929 2560 tanquam
1947 2490 2038 2559 poeta

223 2587 281 2645 hoc
323 2587 391 2646 loco
432 2590 601 2664 antiquatum
638 2588 711 2645 illum
746 2588 886 2647 curandae
914 2592 1060 2667 poduprue
1091 2596 1224 2650 rationem
1256 2589 1360 2665 oblique
1389 2608 1449 2645 cnm
1479 2587 1529 2645 leui
1556 2593 1707 2664 contemptu
1745 2589 1925 2663 respacisset,
1967 2605 2037 2662 ptrue

217 2703 284 2770 post
313 2693 483 2752 nolrilitotmn
517 2694 626 2753 Antonii
654 2693 756 2754 Mersus
790 2699 955 2754 carolinum
984 2699 1094 2773 penitus
1126 2696 1241 2772 explano
1272 2702 1349 2753 esset
1408 2692 1473 2753 Hoc
1513 2694 1538 2751 si
1579 2699 1696 2752 rectum
1737 2701 1831 2765 esset,
1873 2692 2037 2771 epistulam

222 2808 403 2877 sequeretur
434 2800 580 2878 scriptam
613 2821 679 2861 esse
711 2801 763 2861 vel
793 2803 862 2882 ipso
893 2822 975 2863 anno
1008 2800 1066 2863 731
1103 2802 1154 2863 vel
1177 2802 1271 2881 paulo
1296 2804 1429 2881 post.⁸²)
1478 2799 1590 2861 Verum
1621 2801 1681 2882 'etsi
1710 2808 1860 2874 termentum
1890 2821 1906 2858 a
1943 2801 2037 2861 verbo

214 2905 330 2982 ,nassau
360 2906 531 2977 derivatur,
566 2914 667 2968 tamen
699 2909 729 2967 in
761 2908 816 2968 illo
849 2909 1003 2969 vocabulo
1036 2910 1119 2969 notio
1152 2908 1264 2969 etaloris
1296 2908 1406 2969 sensim
1435 2906 1513 2966 adeo
1543 2907 1665 2964 evanuit
1692 2912 1722 2964 nt
1748 2926 1808 2965 non
1833 2907 1932 2966 minus
1955 2914 2038 2966 reete

223 3011 262 3071 de
291 3011 409 3090 frigidis
441 3013 669 3092 cataplasmatis
701 3018 907 3093 usurparetur.
964 3015 1010 3073 Ita
1041 3020 1072 3072 ct
1102 3018 1206 3074 noster
1237 3015 1266 3073 in
1300 3033 1346 3092 ep.
1372 3013 1396 3086 I,
1422 3011 1452 3075 3.
1478 3011 1537 3072 26:
1560 3014 1670 3091 sapido
1694 3034 1822 3073 carrarum
1838 3019 1976 3092 frmeota,
2007 3020 2038 3073 et

223 3117 387 3178 Suetonius
410 3120 440 3178 in
465 3137 502 3177 eo
525 3120 604 3196 ipso,
629 3137 720 3195 quern
743 3119 864 3180 Franke
892 3119 1002 3192 attulit,
1034 3120 1175 3193 locutu)
1207 3122 1374 3179 contrarium
1390 3126 1416 3176 et
1430 3121 1565 3178 rationem
1581 3122 1725 3197 caespitem
1741 3120 1867 3179 sinlendi
1881 3121 2038 3180 rrecmsuno

223 3225 312 3301 subit,
343 3229 407 3302 peric
431 3225 524 3283 calido
539 3229 666 3302 sorrentu
691 3245 742 3284 non
762 3226 926 3303 proderunt,
943 3227 1092 3304 sripidis
1115 3242 1215 3285 carcre
1238 3234 1348 3284 coactus
1372 3234 1483 3285 auctore
1506 3229 1624 3286 'Anteius
1648 3227 1742 3286 illusa.
1791 3227 1859 3301 Qua.
1882 3227 1921 3286 dc
1945 3246 2038 3286 cansa

223 3332 247 3388 si
280 3336 371 3409 poet-a
402 3329 447 3402 id,
480 3330 562 3408 qnod
593 3329 715 3391 Franks
744 3352 812 3391 eum
847 3333 1000 3394 dicentem
1024 3331 1125 3413 hrrgit,
1157 3331 1261 3393 dicere
1283 3332 1315 3391 in
1338 3331 1441 3394 auimo
1464 3332 1636 3405 habuisset,
1670 3333 1857 3394 adiectivnm
1888 3332 1978 3391 calida
2009 3333 2037 3392 ei

223 3437 417 3498 adiciendum
442 3437 506 3497 luit.
555 3435 645 3511 Quod
669 3440 815 3517 quoniam
840 3459 901 3500 non
925 3441 1051 3513 adiecit,
1086 3440 1283 3519 perspicuum
1311 3446 1358 3497 est
1387 3457 1457 3499 eum
1489 3439 1547 3499 hoc
1582 3441 1649 3500 Ioco
1680 3439 1755 3500 nihil
1779 3440 1892 3519 egisse,
1924 3440 1981 3499 nisi
2007 3445 2038 3498 ut

221 3542 395 3605 declararet
418 3544 559 3603 lomentis
584 3543 707 3604 dolores
731 3546 860 3626 podagri
884 3549 914 3606 in
940 3549 1114 3627 praesentia
1137 3548 1268 3628 mitigari
1293 3564 1393 3625 neque
1416 3552 1517 3606 tamen
1543 3547 1682 3607 morbum
1699 3547 1798 3624 ipsum
1816 3544 1892 3605 tolli.
1932 3545 2039 3623 Itaque

222 3651 337 3710 reiecta
359 3651 415 3711 illa
437 3652 692 3729 praestantissimi
711 3653 768 3711 viri
784 3656 935 3714 sententia
960 3654 1094 3715 contenti
1110 3673 1178 3714 esse
1194 3653 1342 3714 debemus
1358 3653 1412 3721 eis,
1438 3670 1517 3729 qnae
1532 3672 1627 3731 supra
1643 3652 1851 3731 exposuimus,
1876 3652 2038 3729 epistulam

221 3757 387 3817 secundam
412 3764 509 3818 ortam
535 3779 600 3819 esse
624 3778 705 3819 anno
732 3756 795 3818 7311
819 3766 872 3820 ant
893 3779 975 3822 anno
1001 3758 1059 3819 731
1088 3766 1140 3820 ant
1165 3757 1237 3820 732.

73 3880 115 3931 ι,
130 3878 157 3920 x
381 3864 428 3923 De
451 3865 602 3942 epistulae
624 3863 765 3925 decimae
787 3871 926 3944 tempore
949 3865 1025 3926 nihil
1050 3885 1212 3945 possumus
1236 3867 1420 3926 constituere
1444 3868 1499 3927 nisi
1518 3868 1575 3927 hoc
1599 3884 1705 3931 unum.
1730 3868 1812 3945 qnod
1830 3888 1846 3927 e
1864 3867 2002 3928 versibus
2020 3865 2038 3925 2

221 3978 251 4029 et
275 3968 315 4029 49
339 3970 442 4030 elucet
464 3990 532 4031 eam
556 3971 702 4050 scriptam
727 3990 794 4031 esse
816 3978 1018 4052 posteaquam
1041 3972 1186 4033 Horatius
1209 3971 1340 4033 Sabinos
1363 3991 1434 4032 suos
1457 3974 1628 4053 accepisset
1651 3971 1731 4045 (720
1757 3972 1807 4031 rel
1833 3971 1920 4046 721).

20 4091 213 4148 rwnnxvn.
382 4075 535 4151 Quoniam
560 4078 699 4157 epistulis
723 4076 768 4137 XI
792 4086 822 4138 et
843 4077 936 4138 XVII
957 4079 1073 4140 indicia
1095 4086 1268 4158 temporum
1292 4098 1417 4159 prorsus
1440 4078 1564 4138 desunt..
1597 4077 1793 4156 relinquitur,
1826 4084 1858 4135 nt.
1882 4078 1920 4139 de
1943 4077 2038 4135 tribus

72 4198 145 4253 aar
223 4185 259 4242 iis
283 4184 436 4262 epistulis,
469 4203 545 4262 quas
569 4186 712 4245 Horatius
743 4185 781 4244 ad
806 4185 1014 4246 Maecenatem
1047 4187 1183 4265 scripsit,
1217 4186 1322 4264 plaucis
1353 4185 1510 4247 disseram.
1562 4186 1697 4260 Quarum
1723 4187 1852 4263 primam
1876 4184 2038 4263 prologum

225 4307 373 4316 e—----.-
378 4308 436 4315 ...—

383 4360 418 4422 ³⁶)
439 4358 581 4411 Hssuihtl
603 4356 712 4418 111472·
733 4389 765 4397 -
786 4360 821 4420 ³⁷)
841 4363 873 4412 rs·
892 4375 918 4428 p.
939 4359 962 4412 1.
993 4389 1025 4397 -
1055 4362 1089 4424 3Ιί)
1109 4376 1149 4429 cp.
1171 4359 1263 4418 XVIII,
1284 4378 1309 4408 v.
1328 4358 1371 4411 55.
1396 4391 1429 4398 -
1454 4364 1489 4424 ³³¹)
1508 4360 1694 4415 Mommsen.
1716 4359 1852 4412 romische
1873 4357 2038 4411 Geschichte

225 4446 255 4514 V,
280 4463 303 4514 p.
323 4445 371 4499 58:
397 4447 477 4499 idem.
499 4462 569 4498 mon.
588 4447 699 4512 ancyr,
724 4463 748 4514 p.
769 4444 812 4499 71.
837 4478 870 4486 -
895 4451 931 4512 ω)
954 4447 1091 4501 declamas
1112 4448 1140 4511 IL
1164 4447 1188 4500 2.
1213 4478 1247 4487 -
1271 4450 1307 4512 ⁸¹)
1329 4465 1355 4517 p.
1375 4447 1436 4501 200.
1462 4481 1494 4489 -
1519 4451 1554 4513 η)
1578 4470 1603 4500 v.
1622 4465 1704 4518 supra
1723 4465 1747 4518 p.
1767 4448 1791 4498 8.
1826 4477 1859 4485 -
1895 4448 1928 4509 ⁸³)
1952 4447 2037 4501 Suet.

223 4534 315 4587 Oetes.
336 4533 379 4587 81.
