4350 5482
975 72 978 77 ·
1012 38 1032 98 9

107 255 277 326 assentior,
309 254 391 332 quud
417 252 546 311 Flaeeus
578 253 701 311 uomiue
733 250 872 311 (laeseris
904 252 942 311 de
971 254 1030 311 lure
1054 272 1115 313 nou
1139 255 1234 312 utitur·
1257 253 1313 311 uisi
1339 253 1458 313 duobus
1496 255 1587 323 loeis,
1620 259 1671 320 ubi
1695 266 1760 319 totu
1784 263 1935 321 sermonis

109 364 259 423 contextu
284 358 369 419 uulla
393 358 563 416 admittitur
579 355 791 430 dubitati0.³¹)
816 357 868 417 sed
895 356 989 417 vieies
1013 361 1125 437 septies
1142 365 1263 437 praeter
1286 365 1422 417 nostrum
1440 359 1542 420 loeum
1563 362 1602 421 de
1619 361 1800 425 Oetam‘eno.
1842 366 1933 427 Adde

114 465 312 549 quodetiam
338 464 427 523 liuius
452 463 597 524 natalie-ia
621 462 692 522 iude
715 462 754 523 ab
778 483 859 523 euno
878 461 940 522 724
964 483 1004 524 ex
1020 472 1144 524 senatus
1168 463 1309 525 consulto
1335 464 1458 543 publice
1475 467 1631 530 eelebrats
1654 490 1720 531 esse
1736 472 1795 531 Dio
1821 471 1872 534 51.
1893 472 1931 532 19

114 580 224 635 narrat.
272 569 391 647 Quibus
423 571 460 630 de
485 571 584 630 (tausis
616 567 692 629 mihi
722 568 846 646 quidem
870 569 996 632 dubium
1030 591 1090 631 uon
1115 579 1173 641 est,
1207 573 1279 650 quin
1313 571 1370 630 lroe
1395 589 1517 651 quoque
1550 573 1620 633 loeo
1645 574 1786 637 Gesseris
1810 580 1932 638 nomine

110 678 302 741 Oetauieuus
319 679 496 757 designetur
511 682 539 735 et
557 673 690 755 epistula
705 676 820 754 scripta.
835 680 875 736 sit
889 676 988 755 pridie
1005 700 1031 737 a.
1050 679 1078 739 d.
1096 677 1150 737 lx.
1169 677 1238 738 Ksl.
1256 675 1337 743 Oet„
1362 696 1423 755 quo
1447 677 1533 737 illum
1558 687 1662 739 ustum
1687 701 1754 741 esse
1770 679 1933 742 Suetonius
2003 706 2006 715 ·

108 788 266 861 narnien)
328 784 408 843 lllad
444 786 538 843 miror
576 781 725 861 quosdam
760 782 841 841 viros
873 782 981 842 doctas
1014 784 1166 845 voeabulo
1203 782 1258 843 illo
1290 787 1409 841 aestivae
1441 786 1526 841 arietis
1565 784 1695 857 offendi,
1736 790 1823 864 qussi
1858 807 1932 848 vero

109 894 252 973 igraueut
275 894 306 950 iu
330 890 417 950 ltalia
442 889 637 969 Septembres
669 896 772 947 noetes
807 888 956 947 interdum
987 898 1048 948 tam
1080 890 1200 968 tepidos
1223 910 1303 949 esse.
1338 902 1369 949 ut·
1392 898 1474 949 reete
1508 893 1623 968 possint
1655 895 1759 952 tuear-i
1783 896 1930 955 aestivae.

110 1000 226 1061 Eadem
251 1000 289 1058 de
315 1019 406 1056 erana
431 1017 508 1076 opus
533 1016 593 1055 nou
618 1002 663 1055 est-
686 994 909 1053 emeudatione.
935 1014 995 1072 iqua
1019 995 1160 1055 bleiueke
1177 1001 1308 1073 J'estirauu
1334 1004 1443 1076 posuit.

272 1104 421 1162 Itu-ertiur
444 1102 493 1161 die
517 1121 614 1160 anuas
639 1106 694 1169 est,
719 1116 780 1176 quo
805 1099 936 1178 epistula
960 1102 1066 1178 quinta-
1088 1109 1157 1159 orta
1180 1122 1247 1159 esse
1273 1102 1420 1161 videatur.
1468 1103 1651 1182 Quanquam
1678 1125 1783 1164 versus
1807 1112 1932 1183 (querius

539 1212 601 1266 eina
625 1205 699 1264 bibes
723 1210 818 1264 iteruin
846 1206 938 1265 'taran
961 1206 1063 1283 diffuso

111 1320 168 1380 boe
193 1319 317 1398 quidem
342 1318 471 1377 ostada
505 1337 572 1376 eam
597 1321 666 1395 post
691 1312 769 1382 728,
802 1331 863 1390 quo
887 1309 1026 1371 Statilius
1049 1311 1168 1372 'l'sarus
1201 1315 1307 1372 iterum
1343 1313 1448 1371 eausul
1482 1316 1594 1381 luerat,
1627 1316 1828 1392 compositam
1854 1336 1929 1376 esse.

111 1426 279 1503 Aptissime
302 1425 340 1484 ad
365 1424 443 1484 bane
468 1424 678 1502 quaestionem
704 1420 877 1493 Frauke³³)
909 1419 1007 1479 attulit
1042 1419 1142 1479 laeum
1176 1420 1328 1498 quendam
1353 1420 1521 1493 Athenaei,
1553 1440 1615 1500 quo
1639 1423 1787 1483 doeemur
1811 1423 1930 1485 nullum

109 1532 250 1595 ltalieum
277 1533 380 1589 viuum
413 1538 483 1589 aute
515 1530 653 1607 quintum
686 1545 799 1586 annum
832 1526 930 1604 potari
960 1544 1058 1602 posse.
1108 1523 1176 1599 Quo
1201 1525 1347 1599 eflicitur,
1381 1534 1414 1585 ut
1444 1527 1574 1605 epistula
1607 1535 1712 1590 nostro
1744 1530 1836 1591 scribi
1869 1550 1929 1591 uon

109 1639 242 1719 potuerit
267 1642 336 1697 aute
359 1655 472 1696 auruun
499 1631 571 1693 733.
620 1632 708 1707 Quod
735 1640 892 1711 praeterea
907 1628 1031 1690 Frauke
1055 1630 1143 1692 nobis
1167 1632 1353 1710 persuadere
1378 1638 1503 1694 eouetus
1524 1642 1568 1694 est
1586 1635 1750 1713 epistulam
1767 1656 1847 1697 anuo
1868 1634 1930 1697 734

108 1750 267 1805 exurutom
298 1762 365 1799 esse
391 1746 515 1818 propter
539 1757 629 1798 uuam
655 1738 733 1797 baut·
759 1758 837 1803 rem,
871 1736 953 1815 quad
984 1737 1039 1795 illo
1071 1757 1151 1799 euno
1184 1739 1250 1798 dies
1282 1740 1403 1800 aetolis·
1416 1739 1546 1820 Augusti
1579 1742 1694 1801 maiore
1718 1751 1868 1821 apparatu
1893 1764 1931 1805 ae

109 1850 273 1931 splendore
298 1866 389 1926 quoru
414 1858 502 1905 ardea
528 1845 699 1907 eelebratus
724 1854 811 1913 esset,
837 1847 950 1923 quippe
975 1864 1036 1924 quo
1062 1846 1150 1905 ludos
1175 1853 1330 1923 equestres
1355 1848 1453 1908 editos
1477 1854 1507 1906 et
1530 1850 1709 1909 venationes
1725 1850 1764 1910 ab
1781 1850 1933 1927 aedilibus

108 1957 260 2016 institutas
276 1978 343 2015 esse
361 1954 418 2014 Dio
436 1962 582 2015 narraret,
595 1959 635 2022 ³⁴)
660 1955 701 2013 id.
727 1956 781 2012 etsi
799 1957 898 2031 potest
914 1962 1031 2011 reatum
1050 1972 1126 2017 esse,
1150 1952 1292 2011 temleri
1317 1961 1418 2012 tamen
1444 1961 1623 2029 argumento
1647 1955 1795 2023 tinuatur,
1819 1965 1852 2016 ut
1875 1978 1931 2017 nos

112 2061 232 2140 quidem
261 2082 313 2124 ea.
347 2062 427 2138 quod
453 2080 546 2137 supra
570 2061 744 2119 statuimus.
777 2059 920 2119 molimus
945 2060 1077 2117 eontenti
1111 2080 1178 2116 esse
1211 2078 1302 2136 quam
1337 2079 1391 2136 pru
1418 2079 1490 2118 vera
1516 2066 1663 2137 eertoque
1687 2080 1816 2139 ponere.
1849 2064 1931 2138 quod

109 2168 255 2230 iueedum
281 2178 310 2228 et
335 2173 462 2227 tertiasse
486 2167 596 2226 falsum
622 2167 674 2250 sits

270 2275 411 2355 Epistula
435 2281 541 2352 quartu
568 2272 684 2332 nullam
707 2274 855 2349 temporis
879 2280 981 2330 rudem
1000 2271 1089 2331 babet
1114 2273 1171 2330 nisi
1198 2273 1278 2349 qrtird
1305 2292 1322 2330 e
1346 2291 1436 2329 versu
1459 2273 1558 2350 prima
1582 2271 1683 2331 elueet
1699 2292 1766 2332 eam
1785 2276 1929 2352 seriptum

108 2404 174 2443 esse
200 2392 268 2463 post
292 2384 451 2442 satirarum
479 2380 580 2440 libros.
628 2379 665 2438 llt
691 2380 835 2456 quoniam
861 2376 1017 2436 'l'ibullum
1042 2385 1165 2454 poetam
1190 2398 1271 2438 euno
1298 2376 1361 2437 735
1386 2382 1539 2437 mortuum
1565 2398 1630 2437 esse
1655 2397 1692 2437 ex
1711 2380 1932 2457 epigrammate

108 2490 244 2568 quadam
262 2487 386 2547 Domitii
403 2486 494 2545 Marsi
514 2486 664 2544 novimus.
691 2493 757 2563 post
784 2484 863 2542 luuu·
888 2503 1001 2542 anirum
1026 2485 1156 2563 epistula
1183 2486 1285 2563 nequit
1311 2486 1426 2562 seripts
1449 2504 1525 2542 esse.
1573 2481 1681 2562 Neque
1700 2487 1820 2545 veroin
1838 2487 1933 2564 ipsius

108 2594 224 2654 Tibulli
250 2593 435 2654 earminibus
459 2592 625 2670 quidquam
651 2592 736 2669 potui
762 2592 909 2661 iuvenire,
935 2590 1017 2669 equod
1041 2591 1080 2650 sd
1105 2597 1225 2669 tempas
1249 2592 1422 2650 aeeuratius
1446 2589 1653 2649 definiendum
1680 2589 1779 2651 lueem
1804 2591 1929 2652 adferat.

110 2699 215 2759 Tertio
239 2706 339 2760 auteur
364 2706 486 2759 nostrae
510 2698 658 2777 epistulae
683 2717 772 2756 versa
799 2697 983 2775 perspieitur
998 2696 1154 2756 Tibullum
1179 2703 1252 2756 tune
1269 2698 1416 2775 temporis
1433 2699 1493 2757 iam
1515 2696 1622 2776 elegiis
1646 2717 1706 2758 uon
1731 2698 1848 2758 uallem
1875 2700 1931 2761 sibi

112 2824 237 2883 pauisse
252 2806 373 2864 lamam.
421 2804 487 2880 Qua
505 2805 542 2863 de
559 2825 653 2863 (ausa.
670 2823 738 2862 eum
757 2803 842 2861 illum
860 2779 1025 2862 aTnaraun
1050 2805 1192 2861 iuvenem
1209 2823 1228 2862 a
1244 2802 1342 2862 lrlorte
1366 2802 1404 2861 ad
1421 2801 1546 2879 Elysias
1571 2822 1697 2881 eampos
1720 2805 1846 2863 missum
1865 2824 1932 2866 esse

111 2908 263 2969 Domitius
278 2908 396 2971 Marsus
413 2919 567 2990 queratur,
592 2912 738 2969 extremis
757 2911 838 2969 aritae
854 2910 919 2969 eius
943 2910 1030 2967 anuis
1047 2907 1177 2987 epistula
1198 2907 1367 2969 Horatia-ua
1393 2907 1514 2965 videtur
1537 2908 1740 2969 adseribeuda
1765 2930 1839 2971 esse.
1880 2911 1930 2971 Ad

109 3018 191 3078 idem
207 3025 326 3098 tempus
343 3018 470 3078 meliore
496 3019 585 3077 etiem
611 3020 676 3076 iure
701 3016 829 3094 epistula
856 3018 891 3073 iis
909 3016 1068 3076 ret'ereads
1091 3024 1146 3087 est,
1172 3018 1223 3095 qui
1250 3016 1345 3077 verba
1371 3026 1527 3073 uestrarum
1543 3035 1698 3075 tenuiorum
1716 3019 1832 3077 carridide
1847 3020 1932 3078 iudea·

109 3148 170 3186 uua
195 3128 232 3188 ad
259 3131 366 3188 satiras
390 3126 441 3185 sed
469 3126 506 3184 ad
532 3124 679 3200 epistulas
703 3129 843 3200 speetore
867 3125 1052 3183 existimant.
1100 3122 1154 3183 His
1178 3127 1258 3183 enim
1286 3143 1375 3183 versu
1403 3126 1491 3185 tertio
1518 3124 1682 3183 vieeeimse
1706 3126 1856 3203 epistulae

536 3234 636 3308 perucia
660 3230 766 3287 ostendi
786 3233 872 3301 petreia
895 3238 921 3287 el
944 3233 1097 3289 eaumuuu'u
1123 3231 1224 3291 luridas

108 3337 252 3398 floridius
276 3339 398 3398 ridetur·
422 3339 558 3397 iudieare.
581 3336 741 3416 epistulas.
774 3348 937 3416 autequam
965 3337 1079 3417 publiei
1112 3340 1187 3397 iuris
1211 3358 1263 3398 eas
1287 3343 1411 3409 lacerat,
1438 3359 1507 3399 euru
1531 3343 1637 3419 paneis
1663 3360 1695 3401 se
1718 3343 1825 3402 amieis
1850 3360 1930 3401 eom-

111 3446 297 3509 muuieasse,
329 3446 359 3501 iu
385 3443 495 3521 quibus
519 3442 675 3504 'l'ibullum
701 3445 792 3503 t'uisse
819 3445 882 3503 veri
907 3464 968 3504 uou
993 3453 1038 3503 est
1061 3443 1219 3505 dissimile.
1272 3445 1330 3506 Sed
1357 3446 1430 3506 mihi
1456 3447 1533 3506 baee
1558 3449 1706 3507 sententia
1731 3465 1791 3506 nou
1816 3447 1929 3526 pleeet,

111 3546 184 3620 quia
203 3566 311 3620 paneas
335 3546 405 3603 illos
437 3565 497 3605 uon
530 3547 607 3606 idios
632 3547 777 3623 intellego
803 3552 859 3609 uisi
884 3569 952 3615 eos,
985 3550 1022 3609 ad
1048 3568 1126 3629 quos
1149 3552 1300 3628 epistulae
1324 3553 1457 3631 scriptae
1482 3554 1549 3610 siut.
1597 3550 1656 3611 sea
1683 3558 1849 3630 uteumque
1880 3574 1928 3615 res

111 3669 143 3705 se
169 3647 272 3721 babet,
306 3651 381 3709 lreee
405 3650 554 3711 dissensio
586 3651 661 3710 nibil
695 3651 776 3712 velet
807 3654 846 3714 ed
876 3661 997 3733 tempus
1028 3656 1178 3734 epistulae
1207 3659 1468 3719 eonstitueudum.
1501 3677 1592 3737 quam
1617 3658 1723 3735 paneis
1748 3659 1834 3719 anuis
1857 3664 1928 3719 sate

110 3768 238 3813 martem
263 3756 378 3816 'l'ibulli
405 3759 606 3837 eompositam
631 3779 698 3819 esse
723 3760 1010 3820 demonstravimus.

270 3862 440 3941 Epistulam
465 3863 538 3924 xlv
565 3871 632 3944 post
658 3869 794 3926 earmina
819 3866 907 3926 Aeliu
932 3867 1055 3928 lauriae
1079 3869 1221 3930 dedicate
1244 3870 1284 3943 (l,
1310 3870 1349 3929 tt
1375 3882 1405 3930 et
1428 3871 1482 3943 ill,
1510 3868 1565 3945 17)
1589 3871 1734 3949 seriptum
1767 3892 1833 3931 esse
1856 3877 1926 3931 suat

109 3970 194 4047 quie
214 3969 608 4031 eet-susextaeuruludere
634 3969 796 4044 voluerint,
821 3992 883 4051 qua
899 3973 1024 4034 Lamiae
1047 3993 1129 4035 mors
1154 3983 1419 4039 commemoratur.
1433 3981 1474 4051 3ὓ)
1520 3976 1610 4050 Quod
1635 3995 1812 4055 quanquam
1837 3996 1925 4055 repu-

109 4075 183 4131 tanti
207 4080 300 4132 tatam
326 4074 442 4134 Horatii
469 4079 562 4134 vitam
587 4086 616 4135 et.
638 4083 779 4155 tempore
802 4085 978 4156 poematum
1009 4080 1083 4139 mibi
1110 4081 1201 4141 valde
1225 4081 1386 4162 probabile
1419 4081 1554 4151 videtur,
1586 4092 1689 4143 tamea
1714 4104 1730 4141 e
1755 4102 1845 4143 versu
1869 4080 1924 4142 illo

108 4182 280 4240 necessaria
305 4183 500 4242 et'tieieudum
524 4202 590 4241 esse
615 4202 693 4263 aega
718 4183 763 4242 his
787 4186 825 4244 de
850 4185 964 4245 irensis:
989 4184 1073 4245 Duos
1098 4189 1206 4247 tratres
1230 4189 1320 4249 buius
1344 4190 1475 4250 nominis
1498 4191 1591 4248 luisse
1616 4209 1654 4249 ex
1679 4190 1745 4267 ipso
1770 4191 1828 4248 boe
1853 4187 1923 4249 loeo
2002 4214 2005 4221 ·

107 4298 251 4362 apparet,
281 4308 410 4365 quinum
436 4289 564 4348 alterum
589 4310 616 4348 a.
644 4286 705 4348 787
730 4310 833 4350 senem
859 4297 1011 4350 mortuum
1036 4311 1103 4351 esse
1126 4292 1252 4354 Teeitus
1276 4299 1360 4369 (suu.
1387 4294 1443 4363 Vl,
1469 4293 1525 4371 27)
1549 4304 1666 4357 narrat.
1690 4294 1769 4355 alter
1791 4300 1921 4356 mortem

224 4403 352 4508 Η,Ἣ-(ἷ
372 4445 389 4496 l.
407 4442 431 4496 2.
450 4444 495 4497 44:
517 4450 618 4513 partem
638 4451 727 4495 meari
746 4450 864 4495 Caesaris
884 4450 964 4511 alim,
983 4457 1031 4503 nt
1051 4450 1069 4513 l,
1088 4448 1113 4505 9.
1133 4450 1177 4503 18:
1195 4469 1275 4517 prope
1295 4454 1413 4501 tesseris
1432 4453 1526 4504 hortos.
1550 4484 1583 4493 -
1604 4454 1639 4516 ³²)
1658 4451 1744 4504 Suet.
1763 4448 1820 4504 Oct.
1838 4450 1863 4502 6.
1888 4481 1922 4491 -·

108 4529 143 4585 ³¹³)
163 4546 187 4595 p.
206 4530 266 4582 ¹202.
288 4563 320 4570 -
340 4533 438 4585 Athea.
460 4532 476 4583 l.
497 4532 538 4584 48.
559 4564 592 4571 —
613 4536 648 4599 Ἠ)
666 4532 710 4587 54.
729 4532 754 4586 8.
775 4564 807 4573 -
829 4536 863 4599 ³⁵)
882 4536 1003 4592 Sahlitz
1022 4538 1066 4601 lll,
1084 4557 1109 4608 p.
1130 4538 1189 4592 103.

1702 4626 1720 4680 2
