4350 5482
136 323 167 382 in
191 323 274 382 hunc
297 321 437 381 ordinem
461 321 587 381 redacta
610 325 644 380 et'
656 318 801 399 evulgata
817 339 893 381 esse.
939 320 1090 396 Quoniam
1108 322 1201 400 igitur
1216 330 1277 380 tres
1294 319 1411 399 priores
1430 321 1599 379 carminum
1618 319 1712 381 libros
1729 322 1808 382 inter
1823 342 1957 384 mensem

136 425 306 501 Quintilem
330 434 361 488 et
384 428 476 488 linem
500 448 527 489 s.
555 425 614 487 731
644 426 759 507 publici
785 428 858 487 iuris
881 428 979 489 facus
1003 447 1070 488 esse
1094 427 1320 497 constituimus,
1356 427 1456 487 eidem
1480 427 1611 505 tempori
1636 426 1797 505 epistulam
1822 430 1859 488 ad
1887 430 1960 490 Vin-

136 535 220 595 nium
245 534 460 614 assignandam
485 553 553 594 esse
576 553 615 594 ex
641 534 686 593 iis.
713 553 793 612 quae
817 554 912 613 supra
935 535 1224 605 demonstravimus,
1250 539 1488 594 consentaneum
1513 540 1567 593 est.

296 638 361 699 lam
386 641 547 699 veniamus
570 639 608 699 ad
633 659 685 699 cas
709 639 871 718 epistulas,
897 642 927 701 in
953 641 1064 720 quibus
1087 660 1136 699 res
1160 639 1327 720 quaedam,
1353 658 1432 718 quae
1455 639 1579 718 quaudo
1603 651 1707 719 gestae
1730 639 1802 711 sint,
1834 640 1958 702 aliunde

135 747 288 819 novimus,
314 749 356 806 ita
379 756 668 819 commemorantur,
694 757 726 807 ut
748 748 819 808 inde
842 748 881 808 de
905 747 1057 808 nataliciis
1081 746 1280 825 epistularum
1306 743 1507 823 probabiliter
1529 745 1622 804 liceat
1645 746 1795 805 conicere.
1921 828 1923 832 .

299 853 347 912 Ae
372 855 504 932 primunr
528 854 651 932 quidem
677 856 874 915 inveniuntur
899 874 959 914 non
984 853 1089 914 nullae
1112 850 1277 931 epistulae,
1303 852 1333 909 in
1358 850 1470 929 quibus
1495 850 1700 929 expeditionis
1724 852 1839 910 ment-in
1863 852 1896 911 tlt
1918 853 1956 913 ab

136 958 278 1039 Angusto
303 960 341 1023 ab
366 980 393 1020 a.
421 957 482 1019 733
508 962 667 1039 usquead
692 983 719 1022 a.
747 958 809 1020 735
835 963 864 1021 in
883 960 1047 1022 Graeciam
1072 965 1102 1019 et
1125 959 1273 1018 orientem
1289 957 1397 1017 laetae.
1446 955 1514 1031 Qua
1540 957 1571 1015 in
1595 958 1792 1036 expeditione
1816 978 1896 1036 quiae
1919 960 1959 1043 ab,

135 1064 278 1145 Augusto
295 1072 326 1124 et
341 1063 465 1125 Tiberio
481 1071 586 1145 gestae
602 1067 671 1137 sint,
698 1085 766 1124 cnm
783 1087 803 1126 a
818 1066 923 1127 miultis
939 1066 1140 1146 scriptoribus
1165 1065 1331 1124 memoriae
1347 1063 1490 1123 traditum
1508 1070 1563 1131 est
1579 1067 1617 1137 16)
1639 1072 1701 1122 tum
1718 1065 1785 1142 ipse
1803 1064 1958 1144 Angustus

137 1171 166 1229 in
192 1182 390 1247 monumento
415 1172 496 1249 quod
524 1177 652 1232 vocatur
677 1173 843 1251 Ancyram)
869 1175 911 1235 ita
936 1174 1098 1253 gloriatur:
1115 1175 1153 1245 Π)

565 1277 684 1337 Parthos
708 1282 787 1337 tricem
812 1282 959 1339 exercitum
984 1280 1074 1357 optiliu
1097 1286 1122 1335 et
1146 1280 1225 1350 sipuu
1250 1275 1364 1334 reddere
1387 1278 1452 1334 miii
1472 1279 1661 1354 supplicemur
1686 1280 1834 1335 ‹runicitiam
1860 1283 1957 1356 populi

565 1385 687 1444 Romani
704 1394 800 1464 petere
825 1390 907 1461 capi.

295 1491 335 1549 Et
358 1491 419 1550 alio
445 1491 529 1551 loco:
545 1495 584 1567 ¹⁸)

563 1598 722 1656 „tarsicam
753 1600 885 1655 maiorem
914 1599 1053 1672 interfecto
1082 1613 1145 1667 repe
1174 1596 1232 1651 eius
1265 1593 1387 1653 Ariusio
1416 1613 1476 1650 cum
1504 1613 1617 1669 possam
1643 1599 1744 1670 plicae
1774 1601 1953 1671 parisinus-inm,

565 1706 651 1762 mulin
681 1708 816 1763 maiorum
845 1711 1004 1761 aculeorum
1032 1701 1157 1778 exemplo
1186 1719 1302 1770 requam
1329 1699 1360 1756 id
1386 1699 1498 1774 'liprcui
1526 1703 1583 1773 rapi
1607 1701 1758 1759 Artauasdi
1776 1704 1843 1776 ‘tilio
1867 1709 1955 1780 nepoti

563 1818 652 1868 utitem
680 1811 810 1886 Tipasa
835 1812 907 1883 repis
926 1826 981 1886 per
1007 1806 1048 1867 li.
1074 1805 1209 1864 Neronem
1235 1805 1354 1877 tradere,
1381 1809 1426 1881 qui
1450 1814 1505 1864 lum
1530 1808 1594 1865 mihi
1615 1810 1757 1885 priuignus
1781 1818 1849 1868 erut.

294 1915 382 1990 Quae
406 1936 454 1976 res
479 1915 638 1995 praeclare
661 1922 765 1996 gestae
787 1922 818 1976 et
840 1915 879 1976 ab
905 1914 975 1974 aliis
999 1912 1081 1972 illius
1105 1914 1213 1971 aetatis
1238 1912 1337 1990 pinetis
1350 1915 1389 1986 19)
1414 1912 1554 1972 laudibus
1580 1914 1771 1973 extolluntur
1794 1936 1894 1994 neque
1917 1918 1954 1977 ab

132 2019 258 2081 Horatio
283 2023 314 2079 in
339 2021 479 2101 epistulis
504 2041 564 2082 non
589 2028 880 2083 commemorantur.

8 2156 81 2201 ,ιιι
298 2145 439 2224 Legimus
464 2146 546 2206 enim
571 2147 601 2204 in
625 2146 759 2225 epistula
783 2145 853 2217 xil,
880 2146 920 2203 ‘25
947 2164 1018 2223 sqq:

564 2250 606 2309 Nc
630 2259 721 2309 luascu
745 2255 854 2324 iquores
878 2271 931 2327 qao
955 2254 990 2308 sit
1014 2252 1144 2309 liemcuc
1169 2252 1227 2310 locu
1250 2270 1304 2324 ces,

565 2355 705 2414 (luctabar
732 2356 883 2434 Apprippoe,
912 2356 1011 2416 (fluctui
1033 2360 1129 2416 uirtute
1153 2357 1271 2417 Neronis

565 2462 712 2521 :tracuus
738 2463 849 2521 cecidit:
873 2467 916 2522 ius
943 2467 1137 2540 imperiumque
1162 2465 1298 2522 Phraates

566 2566 699 2627 Cuesirris
725 2573 830 2646 accepit
849 2570 967 2642 perudus
991 2574 1095 2628 unsrun:
1119 2590 1205 2628 curren
1221 2577 1322 2648 'stirpes

566 2673 664 2732 ltaliae
683 2677 766 2751 pleno
790 2676 916 2744 elelandi!
941 2676 1028 2755 Cispio
1053 2698 1146 2735 cornu

295 2795 553 2876 Quandoquidem
576 2820 604 2859 a.
625 2797 686 2859 731
714 2802 802 2881 signa
819 2802 963 2862 militaria
986 2823 1005 2861 a
1021 2800 1141 2861 Parthis
1163 2800 1281 2860 reddita
1297 2806 1328 2860 et
1343 2820 1471 2879 regnum
1491 2800 1656 2860 Armeniae
1671 2799 1796 2879 'l'igraui
1813 2801 1956 2860 traditum

135 2922 202 2962 esse
226 2910 256 2961 et
280 2922 298 2962 e
320 2903 520 2981 scriptoribus
544 2925 647 2965 rerum
670 2914 701 2966 et
724 2929 762 2966 ex
788 2911 920 2967 nummis
932 2914 973 2982 ²⁰)
997 2914 1139 2987 apparet.
1172 2906 1272 2965 eidem
1296 2926 1377 2966 anno
1402 2907 1481 2965 banc
1505 2885 1667 2985 epistulam
1692 2908 1858 2966 attribuere
1882 2907 1955 2965 nihil

135 3028 344 3089 gravaremur,
379 3012 435 3070 nisi
468 3010 688 3072 dubitationem
722 3015 871 3074 inicerent
901 3014 994 3073 verba
1020 3012 1158 3071 Cardaba·
1180 3013 1322 3089 Afmppue
1346 3016 1440 3070 virtute
1463 3012 1565 3069 cecidit.
1621 3011 1843 3071 Cantabrorum
1875 3012 1955 3071 enim

135 3124 257 3195 gentem
283 3116 460 3178 consulibus
485 3117 626 3176 Lucretio
651 3115 756 3178 Sentio
781 3123 822 3192 (a.
850 3118 928 3192 735)
955 3120 1012 3178 Dio
1037 3126 1139 3180 narrat
1163 3119 1232 3193 (51,
1261 3116 1315 3192 11)
1339 3117 1492 3176 devictam
1515 3136 1595 3188 csse,
1620 3120 1782 3194 postquam
1808 3117 1887 3174 iuter
1910 3134 1957 3174 res

135 3222 237 3298 priore
261 3242 341 3282 anno
367 3229 467 3301 gestas
492 3221 609 3281 nullam
633 3224 698 3282 eius
723 3226 909 3287 mentionem
927 3227 1008 3285 lecit.
1057 3224 1146 3299 Quod
1170 3227 1196 3284 si
1222 3228 1337 3284 rectum
1362 3227 1455 3287 esset,
1483 3221 1646 3299 epistulam
1672 3220 1731 3278 Xll
1755 3242 1781 3279 a.
1810 3218 1871 3279 735
1896 3240 1957 3279 nou

136 3346 297 3405 possemus
322 3348 383 3389 non
407 3329 582 3391 attribuere.
632 3329 692 3391 Sed
719 3351 796 3392 cave
818 3333 961 3412 scriptori
986 3330 1030 3390 illi
1056 3332 1096 3390 de
1117 3329 1307 3410 temporibus
1331 3332 1446 3387 temere
1470 3326 1562 3385 tidem
1588 3325 1710 3387 habeas.
1759 3325 1839 3399 Quid
1857 3325 1957 3384 euim?

135 3432 281 3494 Horatius
305 3454 374 3494 cum
392 3435 508 3495 lcoium
525 3436 658 3494 amicum
676 3437 707 3495 in
722 3435 827 3497 Sicilia
854 3445 1027 3499 versantem
1051 3438 1090 3498 de
1106 3439 1142 3497 iis
1159 3437 1261 3503 rebus,
1286 3454 1362 3515 qum
1388 3453 1485 3513 nuper
1507 3439 1607 3511 gestas
1624 3432 1677 3491 ille
1694 3433 1829 3492 inondum
1847 3453 1960 3514 cogno·

138 3547 234 3611 verat,
259 3543 391 3603 edocere
417 3541 520 3615 vellet,
547 3561 648 3602 nonne
671 3545 821 3603 ridiculus
845 3545 960 3613 t'uisset,
986 3546 1010 3603 si
1035 3544 1170 3604 subactis
1196 3541 1357 3601 Cantabris
1381 3560 1433 3600 eus
1457 3558 1582 3617 quoque
1606 3558 1655 3598 res
1679 3539 1857 3611 addidisset,
1881 3558 1961 3617 quse

136 3646 196 3706 iam
221 3656 285 3709 toto
309 3670 390 3711 aurio
415 3655 487 3709 ante
511 3668 573 3709 non
596 3651 696 3710 solum
720 3651 820 3710 factae
838 3669 944 3709 verum
962 3650 1053 3709 etiam
1070 3668 1090 3708 a
1105 3648 1222 3726 populo
1240 3646 1380 3706 &arnano
1397 3665 1516 3705 asumma
1533 3645 1649 3704 laetitia
1665 3645 1839 3705 celebratae
1854 3645 1959 3705 erant?

136 3751 203 3812 Hoc
227 3759 345 3813 tantum
369 3755 466 3828 abest,
491 3762 524 3814 ut
548 3755 632 3815 credi
656 3757 762 3834 possit,
788 3761 821 3813 nt·
836 3775 875 3815 ex
899 3755 973 3833 ipsis
989 3754 1164 3814 Horatianis
1189 3753 1329 3814 versibus
1352 3754 1483 3812 alliciam
1501 3751 1672 3813 Cantabros
1688 3753 1796 3811 eodem
1821 3762 1959 3832 tempore

138 3867 298 3937 superatos
330 3880 410 3933 esse,
444 3882 505 3941 quo
537 3865 625 3941 sigua
648 3862 811 3923 Crassiana
836 3863 975 3940 Augusto
1000 3859 1199 3919 redderentur
1222 3866 1252 3918 et
1275 3858 1424 3939 'l'igraues
1452 3879 1579 3939 regnum
1605 3860 1812 3920 Armeniaca
1835 3858 1958 3919 'l'iberio

137 3967 302 4046 acciperet.
351 3968 477 4043 Quare
501 3971 574 4032 milri
599 3989 659 4031 uon
685 3978 731 4030 est
755 3970 891 4042 dubium,
916 3968 990 4046 quin
1014 3967 1072 4027 llio
1097 3967 1155 4026 hoc
1180 3966 1249 4025 loco
1274 3968 1484 4043 pereundam
1509 3967 1610 4047 lapsus·
1635 3970 1672 4027 sit
1697 3985 1843 4037 errorem,
1867 3982 1958 4042 quem

138 4090 232 4150 supra
264 4075 448 4134 notavimus.
503 4074 654 4155 Neglecta
684 4076 765 4134 enim
797 4074 953 4135 annalium
986 4074 1103 4133 ratione
1135 4092 1242 4133 omnes
1270 4093 1318 4133 res
1340 4093 1396 4152 per
1418 4078 1479 4134 tres
1503 4094 1600 4134 annos
1625 4071 1701 4139 733,
1729 4070 1806 4135 731,
1833 4069 1894 4130 735
1919 4070 1958 4131 ab

141 4176 281 4256 Agrippa
304 4179 335 4236 in
353 4178 454 4238 Gallia
480 4188 506 4238 et
525 4180 672 4257 Hispania
697 4199 794 4257 usque
817 4180 855 4239 ad
873 4181 938 4238 eius
954 4179 1085 4239 reditum
1103 4179 1132 4235 in
1149 4179 1386 4259 lalismgesuu
1403 4182 1554 4240 narrando
1580 4183 1620 4241 ita
1637 4182 1797 4252 cctartavit
1813 4188 1957 4257 tanquam

141 4337 354 4347 ———.—-——-

303 4426 336 4487 16)
362 4426 424 4478 Dio
442 4424 486 4487 54,
511 4425 575 4478 8ct
593 4424 622 4476 9:
646 4426 733 4479 Suet.
753 4426 825 4497 Aug.
844 4423 887 4477 21.
911 4424 998 4477 Suet.
1017 4422 1078 4480 Tib·
1098 4423 1115 4476 9
1135 4431 1162 4477 et
1181 4424 1228 4483 143
1253 4425 1335 4477 Vell.
1363 4427 1391 4479 ll.
1417 4426 1459 4478 91.
1483 4425 1556 4479 Tac.
1580 4427 1692 4479 anull.
1716 4426 1758 4479 94.
1849 4428 1881 4487 Π)
1906 4429 1959 4480 Res

139 4522 232 4582 gesac
255 4514 319 4565 nivi
336 4516 458 4585 Augusti
477 4515 518 4567 ed.
539 4515 718 4569 ltommseu
738 4532 762 4583 p.
782 4514 824 4567 84.
846 4544 877 4551 -
902 4515 971 4579 Ι*)1.
992 4514 1010 4564 l.
1029 4530 1055 4582 p.
1075 4512 1117 4565 76.
1138 4545 1171 4553 -
1194 4516 1227 4577 ¹⁹)
1248 4516 1340 4581 Verp.
1360 4517 1428 4569 Aen.
1450 4515 1504 4585 Vll,
1523 4514 1588 4568 605:
1609 4517 1701 4583 Prop.
1724 4515 1764 4567 ΙΙΙ.
1785 4514 1957 4583 10,13sqq.

141 4599 170 4652 V.
191 4601 216 4669 6,
236 4599 279 4653 76.
301 4632 333 4640 -
353 4603 389 4663 ²⁰)
409 4605 441 4655 ci.
462 4604 654 4657 llommscu.
677 4604 693 4652 Ι.
715 4604 732 4653 l.
752 4621 777 4673 p.
796 4602 831 4655 86
850 4610 877 4656 et
895 4601 937 4655 77.
