4350 5482
1037 150 1064 229 ἰ

125 434 129 441 ,
294 361 411 443 Quibus
445 364 521 427 loeis
551 362 701 445 rebutatis
732 356 787 423 etsi
813 364 887 423 serti
902 364 1127 445 turpilomtique
1151 365 1317 445 quidquam
1346 363 1426 423 elliei
1451 363 1570 441 nequit.
1606 374 1706 421 tamen
1739 383 1808 421 eum
1841 382 1952 441 taragna

133 472 350 558 probabilitate
381 473 424 534 ita-
453 468 529 531 ordo
562 489 663 531 rerum
695 469 925 531 constituendus
959 470 1093 545 videtur,
1127 479 1172 544 ut,
1205 462 1404 551 posteaquam
1430 469 1587 549 Augustus
1618 469 1684 528 sirie
1708 469 1845 533 exereitu
1871 468 1951 528 lente

134 582 296 647 Graeciam
319 579 550 659 permigraaeet,
583 575 739 640 Tiberium
767 575 911 638 breviore
943 576 1050 637 itinere
1081 598 1138 658 per
1160 578 1372 639 Macedoniam
1405 576 1574 635 inseruitum
1606 577 1636 633 in
1662 574 1767 635 Asiam
1800 574 1837 632 ad
1864 573 1950 633 illum

131 690 258 752 duxisse
281 694 386 749 nostro
409 688 475 746 iure
494 684 718 747 existimamus
767 681 905 759 Quodsi
931 689 1013 744 reete
1036 704 1068 747 se
1094 684 1195 753 nabet,
1220 683 1360 746 Tiberius
1383 681 1439 741 snb
1464 683 1554 743 linem
1580 682 1650 740 anni
1677 678 1738 739 733
1762 678 1858 738 Romu
1884 699 1951 757 pn»-
1993 720 2016 757 ·.

129 795 231 857 taetus
254 796 284 853 et
306 792 429 853 ineunte
453 808 533 852 anno
560 786 621 849 ml
647 808 717 849 erim
742 788 852 847 vit-rien
876 789 906 847 in
932 788 1007 849 Asin
1030 791 1194 868 provineia
1222 808 1404 869 eongressua
1428 798 1453 843 et
1482 786 1531 844 vel
1564 785 1635 845 inde
1669 784 1716 843 sel
1742 806 1781 845 ex
1805 782 1893 862 Syria
1921 785 1951 853 iu

133 898 312 959 Armeniam
336 876 446 957 missus
471 917 537 957 esse
560 893 714 976 putandus
739 897 792 952 est.
1673 874 1677 883 ’

292 1037 357 1098 Har
390 1037 636 1098 ratiocinatione.
670 1033 811 1112 quamvis
843 1032 971 1091 iulirmis
1002 1034 1208 1095 fundamentis
1239 1056 1306 1095 enm
1340 1038 1395 1095 niti
1426 1037 1535 1096 iterum
1565 1038 1727 1105 eerrlltear,
1762 1044 1862 1093 tannen
1896 1037 1949 1098 uti,

135 1145 380 1224 quandoquidem
406 1144 543 1204 tir-miore
566 1141 689 1211 desunt,
722 1157 800 1216 opus
824 1144 883 1203 est,
917 1137 975 1196 uisi
997 1138 1089 1211 torta,
1122 1159 1184 1218 quo
1208 1146 1430 1221 temperatius
1454 1139 1949 1218 illaeepistulaeseriptaesint,

132 1251 309 1332 investigari
342 1270 431 1330 posse
462 1248 554 1328 plane
584 1247 791 1323 desperamus.
847 1243 954 1322 ltaque
986 1248 1130 1324 quoniam
1162 1248 1324 1327 epistulam
1358 1248 1400 1308 lX
1434 1247 1526 1326 pitulo
1558 1254 1721 1324 antequem
1747 1243 1888 1304 Tiberius
1911 1264 1950 1302 ex

129 1356 220 1420 ltalia
242 1358 490 1438 proficisceretur
519 1360 617 1415 ortem
642 1371 709 1411 esse
739 1370 834 1429 snpra
859 1353 922 1411 veri
955 1352 1056 1413 simile
1078 1354 1283 1427 reddidimus9
1316 1376 1342 1414 a.
1371 1351 1432 1414 733
1465 1374 1531 1415 eam
1556 1352 1723 1412 attribuere
1748 1371 1808 1410 nou
1833 1346 1949 1409 dubito.

128 1461 264 1524 Tertiam
289 1461 452 1542 epistulam
477 1460 516 1519 ad
536 1457 660 1517 Illorum
687 1457 788 1515 datam
813 1476 880 1515 esse
905 1478 964 1516 nou
988 1478 1027 1517 ex
1052 1461 1169 1520 oriente
1194 1461 1370 1520 redeuutem
1395 1460 1447 1519 sed
1474 1459 1567 1518 Asiae
1588 1459 1886 1537 appnipinqarantem
1911 1476 1948 1513 en·

127 1568 239 1628 ordine
265 1569 403 1628 loeonrm
429 1566 544 1625 elueet:

560 1705 705 1763 ‘lbrurune
730 1724 777 1763 ros
802 1703 962 1782 Hebrusque
985 1707 1068 1764 aaut
1092 1709 1220 1786 compede
1244 1712 1349 1767 rinctus

561 1831 597 1868 err
613 1813 693 1887 freto
716 1812 820 1868 meinos
843 1812 912 1868 inter
935 1814 1072 1871 currentia
1095 1817 1179 1873 turris

564 1940 599 1978 ori
619 1922 737 1997 pinques
760 1917 847 1976 rlsiue
871 1921 962 1994 cirtnpi
985 1921 1118 1997 collesque
1141 1926 1302 1979 nior-untur!

291 2061 395 2140 Atque
416 2058 552 2121 Hebrum
576 2059 671 2119 nivali
704 2058 853 2136 sonipede
878 2059 1015 2119 vinetum
1048 2081 1114 2120 esse
1146 2071 1234 2139 poeta
1269 2063 1372 2121 dieen·
1407 2081 1466 2119 non
1499 2061 1611 2137 potuit.
1644 2061 1699 2118 uisi
1733 2071 1852 2136 tempus
1877 2070 1948 2116 tune

130 2169 235 2227 luisset
260 2169 429 2229 hibernum.
479 2166 557 2240 Quid
584 2166 699 2226 multa?
723 2166 827 2226 omuia
850 2184 906 2223 uos
933 2165 1061 2244 vestigia·
1084 2185 1121 2225 eo
1137 2167 1303 2239 addueuut
1330 2176 1359 2224 nt
1377 2165 1539 2243 epistulam
1565 2165 1642 2223 liam·
1668 2163 1761 2242 pratulo
1787 2171 1947 2241 postquam

129 2275 269 2335 Tiberius
293 2294 362 2334 aum
387 2276 514 2335 roberte
538 2295 576 2333 ex
603 2273 689 2332 Italia
716 2273 870 2352 profectus
895 2281 984 2332 esset.
1010 2272 1111 2331 bieme
1133 2275 1205 2333 anui
1232 2271 1330 2356 73331
1355 2275 1500 2351 seriptam
1526 2292 1592 2330 esse
1617 2291 1806 2331 censeamus.

290 2416 452 2476 llillleilius
483 2420 530 2473 est
561 2414 599 2472 de
630 2412 762 2491 epistula
792 2419 904 2471 uetera
935 2409 1081 2469 iudieare.
1131 2411 1171 2471 Ut.
1194 2416 1273 2474 euim
1307 2415 1509 2474 uertissimum
1541 2420 1587 2472 est
1610 2432 1677 2472 eam
1704 2412 1752 2470 vel
1778 2432 1859 2470 errno
1886 2411 1947 2469 :33

129 2522 284 2593 vel-Tel,
316 2542 387 2581 rum
410 2520 552 2581 Tiberius
584 2519 812 2597 expeditionem
844 2517 875 2575 in
906 2516 1055 2575 orientem
1086 2519 1215 2589 lauerat,
1248 2521 1393 2599 seriptam
1418 2541 1499 2591 esse,
1533 2521 1575 2578 ita-
1599 2519 1717 2578 nullum
1749 2519 1832 2578 aliud
1859 2520 1887 2576 iu
1913 2538 1946 2575 ea

128 2629 301 2689 invenimus
326 2628 482 2687 indieinm.
508 2644 568 2703 qno
586 2634 706 2703 tempus
730 2625 902 2683 sarmatius
920 2622 1092 2682 deliniatur.
1139 2622 1218 2685 Nam
1236 2626 1317 2704 quod
1342 2624 1507 2700 alutam
1531 2647 1548 2685 e
1572 2626 1711 2684 versibus
1737 2628 1753 2681 ἶ)
1779 2647 1845 2704 sqq.

1010 2766 1087 2823 lmud
1109 2770 1172 2842 putu
1194 2769 1303 2844 praeuio

562 2869 712 2927 centinlerit
735 2870 794 2926 arn
819 2870 938 2927 olenmre
961 2871 1139 2930 mernmderit
1163 2881 1265 2949 nestris,

558 2994 607 3034 neo
631 2978 695 3053 quio
720 2977 870 3053 lorrmnquis
894 2982 1046 3035 enitentem
1071 2986 1190 3053 ‹regiretet
1213 2981 1241 3037 in
1264 2984 1340 3053 apris

129 3122 244 3200 aliquid
270 3122 414 3183 ‹nrrruludi
439 3141 529 3200 posse
553 3118 847 3199 opinatur,asseutiri
873 3116 900 3175 ei
925 3137 986 3175 non
1010 3136 1144 3196 possum.
1193 3118 1301 3197 Neque
1326 3123 1407 3180 sirim
1427 3121 1520 3182 verba
1538 3121 1613 3180 liaeo
1630 3122 1667 3179 ad
1686 3122 1785 3198 ipsum
1805 3123 1948 3182 Flam-um

130 3238 266 3287 nostrum
290 3232 444 3305 spectant,
468 3228 507 3285 in
532 3225 617 3284 cuius
641 3221 762 3285 Sabinis
787 3241 843 3283 nec
870 3223 946 3282 vites
978 3243 1034 3282 nee
1058 3232 1195 3285 armenta
1229 3227 1258 3284 in
1285 3227 1460 3308 longinquis
1488 3229 1569 3307 agris
1594 3237 1695 3288 eraut.
1728 3228 1782 3286 sed
1809 3229 1950 3287 universe

130 3333 273 3392 dimmtur
296 3334 334 3393 de
351 3335 386 3393 iia
402 3333 503 3403 rebus,
529 3331 640 3410 quibus
664 3330 871 3390 inhominem
895 3328 1005 3387 animis
1028 3327 1205 3389 sollicitudo
1230 3342 1257 3390 et
1283 3333 1406 3393 tristitia-
1428 3333 1526 3392 soleat
1551 3335 1678 3392 moveri.
1727 3333 1821 3392 Aliud
1848 3344 1950 3391 runnu

132 3440 314 3498 eonllrmare
338 3440 451 3499 ausim:
485 3456 554 3498 eum
579 3437 610 3495 in
634 3441 747 3496 octava
769 3432 901 3513 epistula
925 3438 1015 3510 poeta
1039 3442 1246 3511 conqueratur
1274 3459 1306 3499 se
1338 3444 1424 3499 risere
1455 3461 1503 3499 nec
1535 3450 1604 3499 reue
1626 3462 1682 3499 nee
1715 3446 1844 3507 seruatur,
1879 3443 1949 3519 qnia

132 3543 265 3619 quadam
296 3546 388 3602 animi
421 3543 611 3622 aegritudine
642 3548 673 3601 et
696 3542 874 3602 morositate
899 3550 1041 3611 vexetur,
1074 3551 1182 3602 eontra
1205 3547 1295 3605 tertia
1318 3547 1449 3625 epistula
1474 3546 1566 3626 plena
1598 3549 1637 3605 sit
1658 3549 1836 3607 laeetiarum
1870 3548 1951 3626 lopo-

132 3650 250 3728 risque.
290 3651 356 3711 lieri
389 3669 451 3710 nou
482 3655 597 3729 potest,
632 3658 664 3706 ut
694 3648 803 3709 eedem
833 3653 973 3724 tempore
995 3646 1072 3707 duas
1101 3647 1154 3707 lias
1182 3652 1329 3729 epistulas
1354 3658 1544 3736 euriseriptas
1578 3676 1645 3715 esse
1668 3655 1860 3715 arbit-renuo.
1915 3657 1950 3714 m

132 3757 277 3833 quoniam
300 3776 394 3835 supra
419 3756 550 3815 vidimus
573 3755 694 3816 tertiam
718 3753 810 3844 paulo
834 3762 996 3833 postquam
1021 3752 1161 3815 Tiberius
1186 3778 1225 3816 ex
1249 3760 1338 3821 ltalia
1361 3762 1494 3823 «lenum.
1517 3768 1614 3823 ortam
1638 3783 1719 3833 esse,
1745 3769 1854 3823 oetam
1880 3776 1952 3822 sinte

129 3863 216 3923 illam
240 3864 331 3925 scribi
359 3865 411 3922 vix
434 3863 541 3943 potuit.
590 3861 795 3940 Relinquitur,
822 3868 853 3919 ut
877 3882 944 3924 eam
961 3871 1031 3941 post
1053 3865 1172 3925 tertiam
1191 3874 1275 3929 tante
1292 3872 1439 3949 temporis
1455 3873 1553 3951 spatio
1571 3871 1741 3937 interiecto,
1767 3875 1800 3929 ut
1815 3873 1950 3930 anirnmn

133 3975 243 4049 poetae
266 3970 386 4031 interim
412 3975 559 4029 mutatum
591 3989 659 4029 esse
682 3990 743 4031 non
767 3970 806 4029 sit
828 3968 953 4040 mirum,
986 3970 1016 4027 in
1042 3967 1148 4029 Asiam
1179 3972 1217 4032 ad
1241 3973 1365 4034 Celsum
1398 3982 1538 4053 puteums
1562 3977 1684 4035 arissam
1709 3997 1786 4037 esse.
1835 3977 1949 4035 'l'mnen

132 4081 202 4155 post
226 4076 344 4136 medios
368 4076 440 4136 anni
458 4073 521 4134 734
546 4094 665 4137 menses
689 4097 757 4138 eam
781 4078 859 4137 bane
884 4077 923 4136 ob
948 4097 1013 4137 rem
1038 4076 1193 4139 collocare
1217 4080 1322 4141 nolim.
1348 4082 1418 4159 quia
1445 4082 1661 4141 Armeuiarum
1686 4089 1714 4141 et
1742 4082 1948 4141 l'artliiennuu

134 4203 236 4244 rernm
268 4205 311 4243 ne.
338 4184 495 4245 minimam
519 4183 642 4261 quidem
668 4192 759 4263 poma
789 4185 974 4245 mentionem
999 4185 1085 4257 saon,
1119 4186 1148 4244 id
1177 4189 1258 4265 qued
1291 4189 1356 4247 iure
1380 4189 1575 4262 miraremur,
1608 4190 1633 4248 si
1658 4191 1717 4249 iam
1749 4190 1787 4247 de
1812 4190 1851 4246 iis
1872 4198 1948 4245 «asel

135 4292 246 4351 nertier
268 4294 375 4355 taetus.
423 4289 504 4367 Quia
518 4291 626 4352 eadem
650 4292 689 4352 de.
713 4311 808 4353 eausa
831 4310 899 4350 eam
923 4298 993 4351 aute
1016 4290 1230 4354 duodeeimam
1255 4295 1400 4373 seriptum
1425 4315 1492 4356 esse
1518 4316 1642 4357 neeesse
1666 4307 1724 4369 est,
1752 4297 1815 4361 seri
1840 4318 1867 4360 n.
1889 4294 1949 4377 732²

136 4392 167 4451 in
190 4402 335 4455 aestatem
363 4396 522 4457 inclinanti
548 4416 615 4457 eam
639 4397 853 4457 ascribendam
879 4397 990 4457 indiae.

139 4552 186 4562 ...,
193 4546 351 4566 -ι--,,,,

296 4642 331 4705 κ)
351 4642 378 4693 ln
398 4642 518 4695 editione
535 4658 586 4697 uua
602 4642 649 4713 ΙΙΙ,
668 4660 692 4711 p.
712 4641 754 4694 77.
