4350 5482
1120 134 1139 193 6

1024 225 1235 235 ——nss

335 340 338 345 ’
379 340 488 427 Neque
512 351 612 408 minna
637 360 720 408 een-to
745 341 826 408 'idem
851 348 889 408 de
913 338 1044 431 epistula
1069 331 1149 412 bona
1173 352 1320 411 astinnari
1346 358 1458 429 posset,
1484 368 1543 428 qna
1564 348 1711 410 Horatius
1727 348 1884 411 Tiberium
1908 362 1984 425 orat,
2010 361 2042 414 ut

220 459 399 539 Septimium
432 457 584 543 quendam
614 461 744 533 prepia
775 461 834 515 sni
864 459 1030 527 ser-ibat,
1064 466 1087 523 si
1120 465 1202 523 reete
1234 464 1458 521 commentator
1487 458 1682 538 Cruqnianns
1712 459 1830 520 diceret
1859 459 2041 541 Septimium

220 569 351 630 eundem
376 589 458 641 esse,
487 546 578 646 quem
604 572 694 645 poeta
719 569 750 626 in
774 587 822 645 ep.
848 567 891 626 ΙΙΙ
916 567 1030 629 'Titium
1055 568 1201 650 appellat.
1215 573 1256 644 ²³)
1303 566 1363 629 Sed
1388 564 1638 646 quandoquidem
1663 566 1911 629 antechristum
1936 576 2042 631 natum

219 676 280 735 ‹lrro
306 676 429 734 nimaina
453 673 611 754 gentilitus
635 691 790 750 nurrquam
826 673 970 733 videntur
1001 675 1165 736 eonlnnota
1193 693 1274 741 esse,
1308 673 1480 735 cavendum
1505 682 1564 748 est,
1598 694 1636 735 ne
1659 671 1705 734 illi
1729 680 1845 735 temere
1869 665 2040 743 eradamus.

218 784 326 861 Neque
358 790 459 842 tamon
493 783 660 861 quidquam
694 782 809 847 obstat,
842 784 1006 861 quominus
1030 790 1061 844 et
1084 783 1293 861 Porphyrioui
1325 788 1356 842 et
1379 782 1495 841 Arroni
1528 781 1620 842 tidem
1653 782 1820 843 babeamus
1854 781 2041 843 tradentibus

219 890 397 968 Septimium
424 889 553 948 eundern
579 908 655 960 esse,
681 908 772 966 quern
797 891 826 947 in
853 910 877 947 e.
904 889 942 953 ΙΙ,
969 888 987 946 6
1014 896 1105 968 qroeta
1127 892 1171 950 sie
1195 889 1386 968 adloantnr:

647 993 762 1071 Septimi
789 996 880 1055 Gadis
904 997 1012 1055 aditure
1034 1018 1149 1057 τοοααιυ.

378 1099 438 1158 Sed
463 1120 530 1158 ‹·nnr
558 1120 595 1158 ne
619 1101 677 1159 bae
701 1098 824 1178 quidem
850 1122 883 1162 re
907 1100 1075 1181 quidquam
1100 1103 1138 1165 ad
1163 1111 1283 1184 tempus
1308 1102 1457 1183 epistulae
1481 1105 1648 1165 eruendum
1674 1104 1838 1176 el'ileiatnr,
1871 1110 1978 1165 restat.
2008 1108 2041 1164 nt

218 1208 254 1265 acl
281 1207 495 1265 ‹·onieiendnm
521 1208 743 1287 ‹·ont'ngn'amns.
769 1208 903 1268 simodo
928 1211 958 1269 in
976 1230 1008 1270 re
1025 1211 1119 1272 dubia
1136 1210 1331 1271 eonieeturae
1352 1209 1438 1270 loeus
1463 1220 1516 1271 est.
1565 1210 1696 1286 Quodsi
1714 1213 1914 1282 concesseris,
1939 1230 2041 1273 nonne

218 1316 382 1374 rnlmodnm
409 1314 568 1393 probabile
593 1320 635 1373 est
655 1313 836 1393 Septinrinm
861 1317 890 1375 id
916 1318 1015 1396 ipsum
1040 1321 1148 1399 egisse,
1174 1325 1206 1378 ut.
1231 1318 1261 1376 in
1286 1317 1444 1378 eohortem
1467 1319 1652 1395 praetoriam
1669 1316 1825 1378 Tiberium
1844 1318 1873 1375 in
1891 1318 2039 1378 orientem

217 1423 430 1481 sorditatur-nni
448 1442 463 1479 a
482 1420 595 1480 Flaeeo
614 1421 845 1481 courmendatua
862 1424 1070 1501 reciperetur?
1097 1424 1155 1500 Qui
1173 1431 1275 1485 antem
1292 1424 1372 1484 hune
1389 1423 1565 1502 opinionem
1584 1430 1746 1502 propterea
1764 1423 1949 1503 improbant,
1967 1426 2040 1502 qnia

217 1532 245 1588 in
263 1551 310 1607 ep.
329 1529 372 1586 Ill
390 1530 468 1588 inter
486 1529 609 1588 nomino
626 1531 771 1588 iuvenum
787 1527 946 1591 Tiberium
963 1532 1173 1592 comitantium
1191 1531 1275 1591 nulla
1293 1529 1432 1608 septimii
1450 1528 1563 1589 mentio
1581 1528 1644 1600 liat,
1668 1527 1699 1588 hi
1716 1546 1824 1608 parurn
1842 1527 2038 1588 considerant

215 1638 301 1696 tor-tin
329 1635 383 1694 illa
407 1634 538 1707 epistula
561 1634 687 1693 Florum
719 1634 757 1692 de
786 1635 894 1695 studiis
926 1637 1061 1696 colrortis
1093 1638 1131 1698 ad
1158 1639 1264 1715 poesin
1296 1635 1505 1715 spectantibus
1536 1636 1731 1714 interrogari,
1764 1653 1896 1712 quornm
1927 1653 2038 1713 expers

215 1741 380 1819 Septimius
404 1742 496 1798 tuisse
520 1739 687 1798 existimari
714 1747 821 1818 potest.
871 1738 959 1814 Quod
978 1743 1002 1801 si
1019 1742 1048 1801 id
1075 1750 1213 1802 tenemus
1238 1741 1384 1821 epistulas
1401 1738 1454 1813 Ill,
1472 1738 1557 1812 VIII,
1580 1734 1623 1798 IX
1652 1775 1686 1783 -
1715 1758 1891 1818 quanquam
1916 1739 1954 1799 de
1978 1738 2036 1798 bae

215 1868 275 1905 mni
302 1846 392 1924 plrrrre
417 1853 533 1904 eertum
560 1864 626 1903 esse
659 1846 796 1904 aoneedo
833 1881 867 1888 —
904 1847 941 1907 ud
968 1847 1194 1927 expeditionem
1220 1871 1235 1909 n
1261 1846 1386 1910 Tiberin
1418 1849 1448 1906 in
1481 1848 1629 1905 ualentem
1663 1848 1774 1906 t'aetnnr
1808 1846 1974 1923 pertinere.
2007 1848 2038 1905 in

216 1962 353 2033 tempora
380 1955 469 2012 bnins
494 1951 701 2031 expeditionis
727 1971 819 2030 quam
845 1954 1077 2034 diligentissime
1100 1957 1255 2034 inquirere
1279 1974 1357 2034 opus
1381 1960 1435 2014 est.

376 2059 423 2118 Ae
456 2060 587 2137 primum
620 2059 744 2137 quidem
777 2058 934 2121 Tiberium
975 2063 1033 2120 iam
1067 2064 1105 2124 ab
1138 2063 1223 2123 Initio
1255 2069 1401 2122 autumno
1438 2061 1507 2119 aurii
1543 2056 1605 2118 732
1639 2058 1811 2138 Atrgustnm
1846 2061 1875 2117 in
1900 2058 2038 2120 Sieiliam

215 2168 392 2226 ‹·nrnitntnm
418 2187 485 2225 resse
508 2185 609 2244 neque
634 2185 762 2245 nequem
788 2167 931 2226 traditum
964 2181 1006 2226 est
1042 2177 1070 2228 et
1097 2190 1132 2230 ea
1165 2190 1198 2228 re
1225 2168 1345 2228 videtur·
1368 2165 1478 2237 refelli,
1503 2165 1585 2244 qnod
1610 2162 1693 2242 apud
1718 2161 1874 2222 Velleinm
1900 2162 1953 2235 (II,
1979 2161 2036 2241 94)

216 2274 344 2351 legimns
367 2272 523 2333 Tiberium
549 2275 714 2332 maximam
742 2272 954 2333 dislienltutem
980 2295 1121 2337 arrnonae
1145 2284 1173 2335 et
1197 2278 1241 2336 rei
1265 2274 1482 2336 frumentariae
1506 2272 1641 2352 inopiam
1663 2268 1768 2330 Ostiae
1793 2274 1885 2346 atque
1909 2270 1939 2327 in
1964 2269 2041 2332 urba

214 2381 359 2441 rrnnrdatn
385 2382 484 2440 vitriei
510 2380 701 2439 moderatum
727 2384 857 2454 esse.²⁴)
905 2377 985 2453 Quid
1010 2382 1121 2461 igitur?
1155 2402 1257 2443 nonne
1280 2382 1352 2442 hine
1377 2380 1525 2459 suspicari
1551 2375 1624 2437 lieet
1647 2376 1821 2455 Arignsturn
1846 2375 1876 2432 in
1900 2372 2038 2435 Sir-illam

213 2500 360 2547 arrrtnnnro
385 2487 456 2545 armi
483 2482 546 2543 732
572 2484 821 2563 proticiscentem
848 2506 951 2545 euram
977 2506 1118 2548 annonae
1142 2488 1266 2550 Tiberio
1290 2491 1321 2547 in
1347 2486 1422 2547 urbe
1447 2486 1616 2545 remanenti
1641 2480 1822 2542 tradidisse?

375 2590 493 2651 Deinde
518 2591 556 2649 de
581 2590 711 2671 Augusti
737 2592 845 2651 itinere
869 2592 912 2651 ita
935 2613 953 2651 a
975 2592 1075 2652 Dione
1095 2594 1163 2666 (bl,
1183 2593 1200 2652 7
1217 2600 1301 2672 sqq.)
1326 2593 1501 2663 edocemur,
1526 2600 1559 2652 ut
1583 2611 1653 2652 enm
1678 2593 1801 2650 ineunte
1825 2607 1905 2647 anno
1931 2583 1993 2648 733
2020 2610 2036 2649 e

212 2700 316 2759 Sieilia
344 2699 512 2777 prot'eetunr
544 2716 613 2754 enm
638 2715 693 2774 per
716 2693 856 2775 Spartam
882 2702 911 2755 et¹
935 2697 1074 2758 Athenas
1099 2696 1224 2759 Samum
1249 2702 1388 2780 petisset,
1420 2700 1493 2760 inde
1516 2717 1589 2758 vere
1612 2719 1639 2757 a.
1667 2695 1728 2756 734
1754 2698 1783 2755 in
1807 2693 1983 2773 Bithyniam
2007 2703 2037 2757 et

212 2807 333 2883 Syriam
359 2805 452 2864 ivisse
477 2812 505 2862 et
531 2808 693 2882 postquam
718 2804 827 2863 iterum
845 2800 928 2863 Sami
952 2803 1128 2879 hiemasset,
1153 2827 1179 2866 a.
1199 2804 1262 2866 735
1288 2809 1318 2867 in
1335 2805 1455 2869 ItnIIum
1480 2805 1595 2866 redisse
1620 2810 1747 2865 constet.
1795 2802 1836 2861 At
1861 2802 1899 2862 de
1923 2799 2038 2865 Tiberii

211 2912 409 2991 expeditione
441 2930 521 2990 quae
553 2910 794 2988 useriptoribns
826 2910 938 2970 traditu
969 2918 1052 2983 sunt,
1085 2914 1226 2990 quamvis
1259 2913 1370 2991 exigna
1402 2910 1601 2982 stobaeum,
1636 2909 1817 2989 colligamus
1850 2916 1880 2969 et
1903 2911 1981 2968 inter
2003 2931 2036 2969 se

213 3038 426 3097 eorrrparemns
457 3037 582 3076 neeesse
615 3024 660 3074 est
685 3017 784 3073 missis
808 3017 844 3074 iis
869 3016 957 3083 loeis,
983 3018 1035 3094 qui
1061 3015 1136 3076 nibil
1162 3017 1249 3078 nobis
1275 3015 1401 3078 subsidii
1427 3016 1621 3089 nll'erurrt.²⁵l
1672 3015 1816 3095 Legimus
1840 3017 1932 3094 igitur·
1955 3015 2036 3093 apud
2098 3071 2103 3081 ,

211 3124 390 3184 Siretnniurn
416 3121 499 3197 (Tib.
524 3120 574 3193 9):

376 3231 466 3289 Dareta
492 3230 531 3287 ad
562 3231 691 3286 misenam
716 3233 836 3288 exercitu
870 3250 980 3306 repausa
1007 3233 1155 3292 Armeniae
1183 3232 1296 3305 Timaui
1320 3232 1435 3288 restitnit
1459 3250 1491 3286 ac
1511 3248 1565 3305 pro
1590 3226 1720 3285 tribrmnd'
1744 3226 1872 3284 diademo
1896 3229 2033 3303 imposuit.

121 3398 124 3419 2
214 3342 325 3418 ltecepit
352 3349 377 3398 et
400 3342 490 3409 sipon.
516 3356 586 3413 qnae
611 3334 651 3396 M.
677 3335 782 3394 tlt-osso
807 3338 968 3397 nte-mann
991 3339 1096 3398 Partiri.

373 3444 464 3524 Aprrd
490 3442 620 3504 eundem
647 3442 719 3503 alibi
745 3442 827 3516 (Tib.
857 3444 927 3519 14);

374 3552 410 3611 Ir't
440 3554 565 3623 inpresso
595 3555 715 3628 pn'rnom
741 3552 942 3627 eupaditr'mrem
975 3574 1008 3612 no
1037 3574 1090 3631 per
1121 3551 1316 3612 Macedoniam
1351 3550 1462 3609 (lacerate
1492 3550 1640 3607 sancino
1672 3551 1698 3606 in
1723 3542 1834 3626 δημίου
1864 3549 1976 3622 creeidit,
2008 3558 2037 3609 nt

212 3659 290 3738 opud
314 3659 455 3735 Philippos
483 3692 518 3701 -
547 3667 576 3716 et
600 3678 680 3737 quae
704 3666 873 3736 sequuntur
896 3678 956 3719 non
980 3659 1018 3720 ad
1044 3667 1180 3720 nost-ram
1204 3676 1268 3716 rem
1294 3655 1486 3736 pertinentia.

371 3766 428 3825 Ilio
448 3766 499 3835 st,
518 3765 538 3825 9
556 3766 803 3824 commemoratis
820 3766 856 3824 iis
873 3765 975 3838 rebus,
1000 3785 1077 3844 quaa
1096 3765 1253 3845 Augustus
1270 3765 1300 3822 in
1316 3763 1408 3842 Syria
1424 3759 1702 3834 administraverat,
1723 3763 1763 3820 ita
1782 3780 1907 3821 narrare
1923 3763 2036 3842 pergit:

212 3874 286 3932 Τῶν
310 3890 345 3931 τε
365 3869 544 3951 Ἀρμενίων
566 3874 632 3931 τῶν
655 3868 776 3951 ἑτέρων
802 3876 864 3935 τοῦ
884 3893 920 3934 τε
937 3868 1139 3954 Ἀρταβάζου
1162 3862 1450 3957 κατηγορησάντων
1473 3862 1527 3927 καί
1550 3862 1607 3927 τάν
1624 3863 1790 3951 Τιγράνην
1810 3865 1868 3928 τάν
1890 3861 2035 3947 α’δελφάν

209 3970 310 4035 αὐτοῦ
339 3967 374 4033 ἓν
405 3977 441 4055 τῇ
468 3969 580 4056 Ῥώμη
617 3967 694 4034 ὄντα
729 3973 1064 4058 μεταπεμψαμένων,
1093 3973 1219 4037 ἔστειλε
1246 3971 1303 4037 τάν
1335 3969 1508 4053 Τιβέριον,
1543 3966 1632 4041 ὅπως
1658 3969 1717 4032 τάν
1744 3966 1807 4048 μὲν
1836 3966 1954 4053 ἐκβάλῃ
1976 3972 2034 4053 τῆς

208 4075 388 4158 βασιλείας,
411 4073 468 4137 τόν
492 4074 527 4138 δὲ
553 4074 585 4148 ἐς
608 4076 708 4162 αὐτην
732 4075 1000 4164 άποκαταστηση·
1046 4079 1100 4144 καὶ
1124 4075 1277 4162 ἐπράχθη
1302 4073 1365 4156 μὲν
1387 4068 1484 4136 οὐδὲν
1500 4078 1555 4158 τῆς
1579 4075 1784 4156 παρασκευῆς
1808 4067 1909 4134 αὐτοῦ
1929 4067 2033 4144 ἄξιον·

209 4180 237 4239 oi
264 4174 322 4264 γάρ
345 4174 517 4259 Ἀρμένιοι
545 4176 603 4242 τάν
625 4175 830 4265 Ἀρταβάζην
853 4179 1124 4260 προαπίκτειναν·
1150 4179 1168 4243 ὁ
1192 4177 1220 4242 δ’
1244 4170 1300 4243 orla
1326 4176 1492 4260 Τιβέριος,
1515 4173 1616 4248 ἄλλως
1638 4196 1674 4238 τε
1697 4174 1750 4239 καὶ
1776 4170 1895 4260 ἐπειδη
1916 4174 2035 4238 θυσίαι

209 4276 267 4343 ἐπὶ
289 4281 391 4364 τούτῳ
416 4276 669 4365 ἐψηφίσθησαυ,
694 4277 889 4362 ἐσεμνύνετο
914 4282 955 4354 oia
977 4282 1031 4348 καὶ
1056 4282 1124 4349 κατ’
1145 4281 1265 4370 άρετήν
1288 4306 1320 4346 τι
1343 4281 1497 4368 ποιήσας.
1522 4317 1529 4332 ·
1558 4318 1565 4332 ·
1596 4279 1646 4344 ·si
1672 4278 1826 4364 Τιβέριος
1849 4275 1912 4359 μὲν
1935 4277 1975 4363 (λη’
1999 4275 2034 4342 ἐκ

210 4383 331 4447 τούτων
354 4380 537 4467 ἐγανροῠτο,
561 4381 579 4445 ὁ
605 4379 639 4446 δὲ
666 4381 848 4465 Αὔγουστος
873 4385 905 4457 ἔς
928 4408 964 4449 τε
986 4386 1046 4472 τήν
1070 4386 1186 4471 Σάμον
1213 4387 1382 4476 ἐπανῆλθε
1406 4385 1578 4455 κάνταιῖθα
1602 4379 1700 4460 αὖθις
1723 4382 1888 4466 exstuans.

369 4563 404 4624 ¹¹³)
423 4559 582 4615 Hautbal,
603 4577 628 4609 v.
650 4560 679 4612 ll.
701 4579 724 4628 p.
745 4559 798 4612 388
816 4570 912 4629 annot3
933 4565 965 4615 et.
985 4563 1104 4616 Acron.
1125 4565 1229 4617 ibidem
1249 4583 1273 4633 p.
1294 4561 1355 4616 386.
1380 4594 1412 4602 -
1433 4566 1468 4629 ²⁴)
1487 4562 1589 4617 Conter
1607 4562 1641 4615 de
1661 4562 1758 4614 eadem
1777 4576 1806 4612 re
1825 4561 1914 4613 Suet.
1935 4557 1997 4613 Tib.
2017 4559 2034 4608 8

207 4656 235 4699 et
254 4664 324 4701 rnen.
344 4651 446 4716 Aneyr.
465 4648 509 4700 ed.
529 4648 705 4703 Mommsen
725 4666 750 4718 p.
772 4646 818 4713 13,
843 4649 891 4703 ubi
911 4649 1053 4718 Angustus
1071 4654 1227 4720 principum
1253 4666 1329 4705 more
1353 4668 1402 4721 per
1428 4667 1457 4705 se
1479 4654 1569 4720 ipsum
1588 4652 1689 4704 tactum
1708 4664 1767 4704 esse
1786 4648 1933 4718 gloriatur,
1959 4646 2033 4714 quod

207 4738 283 4790 illius
302 4741 377 4792 iussn
395 4737 524 4791 Tiberius
543 4741 653 4792 fecerat.
675 4769 705 4777 -
727 4742 762 4804 ²⁵)
781 4745 811 4791 ut
830 4755 901 4791 mon.
920 4739 1023 4804 Aneyr.
1043 4737 1087 4792 ed.
1106 4737 1284 4792 Mommsen
1304 4756 1332 4807 p.
1350 4734 1385 4790 76
1406 4745 1433 4790 et
1450 4734 1517 4795 Tau.
1534 4752 1597 4796 surr.
1614 4734 1646 4805 11,
1665 4735 1691 4789 a.
