4350 5482
1040 64 1073 125 ll

953 156 998 162 ...-
1008 157 1014 162 .
1036 156 1075 163 -..-
1085 156 1114 162 ..-
1140 155 1165 162 --α

142 278 234 338 totius
252 277 321 337 libri
338 276 442 338 baberi
466 275 601 336 voluisse
618 282 710 356 poete
726 281 848 356 putatur
865 297 926 361 unu
942 280 1042 340 solum
1068 284 1193 359 propter
1209 279 1413 358 principalem
1438 299 1528 358 qumu
1553 288 1635 341 tenet
1662 283 1774 353 locum,
1787 285 1851 343 ‚sed
1877 287 1968 344 etiam

143 389 270 464 propter
292 386 514 462 argumentum.
562 379 643 442 Nam
666 384 765 462 spatio
783 404 952 473 paucorum
969 405 1119 449 alanorum
1137 391 1205 465 post
1222 385 1319 445 editura
1337 387 1506 446 carminum
1527 386 1620 447 libros
1636 388 1808 447 intermisso
1826 388 1969 449 Horatius

143 491 356 556 aMaecenate
378 491 472 550 etiem
494 495 587 568 atque
611 491 702 551 etiam
725 498 849 572 rogatus
873 497 948 562 erat,
974 496 1007 551 ut
1029 491 1130 552 denuo
1156 491 1291 551 curiarius
1308 500 1456 571 pangeret
1476 527 1510 535 --
1532 499 1631 551 utrum
1650 490 1816 553 melicano
1833 495 1967 569 beroien,

144 597 255 676 quibus
279 615 326 656 res
350 596 388 656 ab
412 596 552 677 Augusto
577 596 736 675 praeclare
752 603 857 678 gestae
870 597 1117 667 celebrarentur.
1143 596 1172 654 in
1198 596 1299 657 medio
1324 616 1404 656 nuuc
1421 595 1631 674 relinquamus
1650 632 1698 655 —-.
1720 597 1761 657 At
1776 605 1877 676 poeta,
1894 600 1967 676 quid

141 703 238 781 possit
261 701 417 782 ingenium
442 719 545 769 auum,
570 699 644 778 quid
669 719 729 761 nou
754 705 850 781 possit
876 722 937 762 non
962 703 1099 764 nescius.
1125 708 1156 759 ut
1181 707 1252 760 ante
1275 710 1486 774 recusaverab
1512 722 1551 762 ne
1574 679 1706 763 biaeouii
1731 703 1812 764 alitis
1840 706 1969 783 uestigia

141 813 296 887 premeret
319 826 377 869 neu
404 807 562 888 Agrippae
587 806 636 866 vel
663 806 793 888 drigunti
818 809 938 888 proelia
960 809 1143 883 diceret-“b
1164 811 1204 868 ita
1229 814 1301 868 tune
1326 828 1451 888 (pirisque
1475 813 1590 885 tantum
1623 829 1702 887 opus
1725 810 1851 890 aggredi
1876 828 1968 868 aarum

71 932 75 937 ·
142 933 204 975 non
229 921 283 976 est.
333 915 436 994 Atque
459 915 550 977 etiam
575 915 730 975 defecerat
752 935 822 976 eum
847 917 971 975 divinus
994 916 1047 976 illc
1071 918 1209 994 spiritus,
1235 937 1295 994 quo
1320 914 1443 975 iollatns
1467 915 1594 974 iuvenili
1619 916 1729 976 ardore
1753 917 1861 977 melion
1887 908 1983 977 rom?

142 1030 288 1098 pnsrrerat
312 1022 456 1081 earmina.
505 1019 617 1080 Totum
642 1041 675 1080 se
698 1020 823 1080 dederat
848 1021 1055 1081 severioribus
1077 1022 1246 1098 sapientiae
1269 1023 1391 1095 studiisg
1416 1021 1488 1100 quid
1515 1041 1622 1082 verum
1639 1027 1731 1100 atilae
1748 1023 1860 1082 decens
1877 1024 1965 1096 esset,

141 1146 204 1187 non
228 1128 328 1187 solum
353 1128 417 1207 ipae
440 1127 612 1199 disceret-t)
638 1128 860 1186 verumetiam
885 1127 976 1191 alios,
1010 1127 1147 1205 inprimis
1178 1129 1294 1187 amicos
1318 1148 1390 1188 surra
1421 1129 1534 1187 docere
1565 1129 1595 1186 in
1627 1129 1761 1187 animum
1795 1128 1965 1202 induxerat,

141 1231 216 1291 Inde
240 1231 392 1310 epistulae
416 1238 538 1292 nostrae
561 1240 647 1291 ‹irtac
670 1239 754 1309 sirnt3
780 1253 856 1312 quas
881 1253 949 1293 cum
975 1236 1005 1293 iu
1030 1240 1166 1295 coesset
1191 1244 1222 1292 ut
1243 1234 1273 1292 in
1300 1254 1392 1292 riuum
1411 1234 1521 1294 librum
1547 1234 1785 1312 comprehensus
1809 1236 1838 1292 in
1865 1233 1965 1294 lucem

143 1339 261 1409 ederet,
294 1346 359 1400 erat
391 1340 473 1418 qrrod
505 1341 639 1410 timeret,
672 1359 711 1397 ue
742 1340 917 1400 amicissimi
952 1341 996 1398 sui
1030 1342 1155 1399 ianitoris
1189 1338 1340 1399 voluntati
1359 1358 1480 1431 'parum
1513 1323 1739 1400 satisfaceret.l
1760 1340 1867 1418 ltaque
1891 1341 1965 1399 nibil

142 1446 248 1506 habuit
271 1449 437 1525 antiquius,
463 1466 553 1526 quam
579 1454 607 1506 ut
634 1450 863 1507 excusationem
888 1456 1048 1525 quraercrat
1073 1446 1332 1525 persuaderetque
1357 1445 1526 1505 Maecenati
1551 1465 1587 1505 ea
1609 1446 1718 1517 staulia
1744 1447 1773 1504 in
1791 1465 1871 1524 (puae
1895 1454 1967 1506 trino

140 1551 344 1623 incubuisset,
377 1559 408 1612 et
431 1553 522 1613 aetati
547 1557 638 1630 atque
663 1554 755 1612 menti
786 1572 860 1611 surae
884 1553 981 1632 magis
1006 1553 1173 1612 convenire
1204 1558 1231 1611 et
1258 1552 1379 1611 utiliora
1397 1572 1471 1613 ‚esse
1502 1552 1539 1612 ad
1572 1553 1650 1613 benc
1684 1553 1848 1612 vivendum
1874 1574 1965 1631 apiriam

140 1675 236 1716 murra
267 1667 292 1717 et
322 1660 436 1718 lsrdicru.
495 1657 589 1718 Cuius
620 1659 663 1718 rei
704 1678 797 1718 carisa
828 1658 991 1736 epistulam
1033 1659 1162 1736 primam
1204 1660 1374 1737 einnposuit
1417 1666 1443 1717 et
1484 1659 1652 1719 blueceuati
1685 1660 1840 1718 dedicavit
1865 1666 1899 1717 -ct
1936 1638 1990 1718 in‘

141 1765 241 1841 primo
265 1767 357 1826 totius
390 1766 458 1826 libri
485 1765 554 1826 loeo
580 1765 703 1826 loca-vit.
760 1766 847 1840 Quae
871 1768 895 1824 si
921 1773 1003 1827 reete
1027 1788 1045 1825 a.
1068 1766 1156 1829 anobis
1189 1767 1344 1844 disputata
1367 1773 1450 1824 ararit.
1485 1784 1610 1823 neccsse
1643 1772 1685 1824 est
1721 1767 1826 1842 prasinis
1858 1766 1966 1826 ‹liebrrs

141 1877 305 1951 antequam
331 1874 442 1935 librum
468 1874 583 1953 publici
602 1875 674 1933 iuris
692 1875 816 1944 taceret,
843 1893 909 1932 earu
936 1873 1080 1951 scriptam
1105 1892 1172 1932 esse
1196 1890 1384 1931 ‹urrseamua
1436 1871 1517 1930 ldcrn
1545 1872 1575 1928 in
1600 1872 1777 1930 vicesiruam
1803 1871 1964 1948 epistularu

143 1978 255 2037 cadere
278 1998 370 2057 supra
387 1981 600 2059 exposuimus3
626 1986 693 2038 utra
717 1983 802 2059 prior
825 1982 872 2053 sit,
898 2000 959 2040 uon
984 1981 1081 2039 ausim
1105 1978 1283 2038 diiudicare.
1332 1975 1411 2035 Satis
1437 1976 1602 2036 babeamus
1626 1982 1759 2035 stat-uere
1783 1982 1813 2035 et
1836 1978 1965 2052 primam

142 2090 173 2143 et
206 2085 384 2143 vicesimam
416 2086 563 2163 epistulas
596 2093 662 2163 post
698 2107 803 2146 orarius
838 2095 955 2147 ceteras
988 2085 1149 2164 postremis
1180 2105 1206 2141 a..
1244 2081 1304 2141 7:32
1339 2084 1495 2143 urerrsibus
1528 2084 1683 2141 conlectae·
1716 2101 1791 2140 csse.
1841 2080 1907 2154 Qua
1934 2103 1966 2141 re

144 2191 289 2265 queniam
321 2192 452 2251 eflicitur
485 2191 619 2271 reliquas
651 2194 726 2253 duas
757 2195 794 2253 ad
821 2195 1028 2254 Maecenatem
1058 2192 1187 2270 scriptas
1220 2189 1367 2268 epistulas
1392 2189 1509 2266 priores
1533 2209 1613 2247 esse.
1647 2208 1724 2264 opus
1758 2195 1800 2247 est
1833 2199 1963 2246 detritam

143 2313 248 2355 earum
272 2299 446 2358 accinctius
470 2297 626 2378 indagare.

303 2401 589 2471 Undevicesimam
629 2423 691 2481 qua
721 2404 865 2464 Horatius
896 2406 976 2485 apud
1010 2407 1142 2465 amicum
1174 2425 1206 2461 su
1239 2403 1374 2463 ‹lelcudit
1407 2402 1445 2464 ab
1478 2401 1732 2462 obtrectatoribus
1773 2400 1965 2478 aerrrulisque
2015 2424 2128 2476 upxrx,

143 2510 336 2586 quibusdam,
362 2520 429 2590 post
454 2511 552 2589 lyrica
577 2515 714 2573 carmina
738 2513 939 2593 compositam
964 2532 1030 2572 esse
1054 2517 1180 2590 apparet
1207 2531 1222 2568 e
1248 2508 1387 2568 versibus
1412 2506 1452 2567 32
1478 2515 1506 2567 et
1532 2507 1588 2568 33:

574 2621 644 2676 bime
667 2639 716 2693 epu
738 2641 792 2679 νιονι
817 2621 871 2679 olio
895 2619 1095 2695 dictampnus
1120 2636 1167 2675 νινε
1190 2615 1307 2675 belinus

572 2726 678 2801 sulpuri
691 2726 808 2802 fidicen.
971 2729 983 2754 ⁸

303 2827 362 2888 Sed
387 2827 565 2887 nouaclum
589 2829 707 2907 aliquot.
731 2832 868 2889 earmina
883 2831 992 2890 melica
1018 2838 1091 2889 turm
1108 2838 1266 2908 puniuerat,
1292 2828 1344 2887 sed
1362 2828 1498 2887 ediderat
1518 2829 1577 2885 iarn
1594 2832 1688 2884 toturn
1706 2827 1797 2884 triam
1816 2825 1962 2883 librorum

144 2930 296 3011 syllogeu.
348 2932 428 2992 Vide
452 2933 533 2992 enim
559 2952 588 2991 v.
615 2929 656 2991 33
682 2951 755 3011 sqq:

862 3025 936 3102 iuuat
959 3027 1150 3081 immensorum
1165 3028 1302 3100 serenteor

572 3131 695 3203 inpensus
719 3131 856 3206 oculisque
880 3131 931 3205 lupi
954 3130 1134 3207 manibusque
1158 3134 1251 3190 terreri.

566 3238 644 3313 'seire
668 3236 741 3310 celia,
767 3254 829 3295 meu
853 3257 902 3295 cur
925 3241 1049 3313 iuprntua
1074 3239 1208 3314 marcido
1232 3241 1314 3297 lecim

572 3344 664 3402 landet
687 3351 812 3423 emaque
836 3344 917 3408 domi,
942 3352 1053 3420 premnt
1077 3351 1158 3402 entra
1181 3346 1262 3404 limen
1286 3348 1404 3421 iuiprrua

304 3451 379 3512 lude
402 3451 553 3530 sequitur,
586 3454 619 3508 ut
641 3448 697 3509 illa
719 3449 852 3529 epistula
875 3461 945 3528 post
967 3470 994 3510 a.
1021 3448 1080 3508 731
1108 3451 1223 3530 scripta
1246 3452 1299 3526 sit3
1333 3458 1363 3510 et
1387 3449 1637 3529 quandoquidem
1663 3450 1797 3508 carruiuu
1823 3449 1881 3506 iarn
1908 3445 1962 3505 ali·

141 3556 289 3632 quamdiu
315 3557 457 3618 videntur
473 3556 623 3618 lectorum
647 3556 787 3618 manibus
811 3557 883 3617 trita
907 3576 983 3629 esse,
1008 3576 1075 3617 eam
1098 3556 1202 3616 malim
1219 3575 1299 3616 anuo
1318 3553 1380 3615 rut
1400 3555 1448 3616 vel
1468 3552 1529 3614 733
1548 3574 1639 3634 quem
1657 3576 1684 3612 a.
1705 3551 1766 3612 73⁶2
1784 3554 1958 3611 uttrilnrere.

303 3660 419 3735 Restat,
444 3669 478 3723 ut
500 3663 539 3723 de
565 3663 622 3722 Vll
647 3664 779 3743 epistula
802 3663 995 3723 disseramus.
1045 3662 1143 3736 Quam
1169 3664 1274 3741 primis
1290 3661 1520 3741 Septembribus
1545 3663 1652 3723 diebus
1675 3670 1773 3720 <irtam
1799 3681 1865 3721 esse
1891 3661 1960 3721 inde
2018 3695 2059 3746 ΕΡ,
2074 3695 2122 3745 m

143 3766 343 3848 intellegitur,
368 3770 450 3847 quod
476 3776 568 3848 pocta
590 3772 634 3830 sic
658 3771 830 3832 exorditur:

575 3876 699 3955 Quinque
722 3877 781 3936 dieu
805 3877 851 3935 ridi
870 3878 1008 3954 pollicitae
1032 3894 1074 3933 me
1097 3893 1160 3932 rure
1176 3879 1305 3952 ⁸satirarum

570 3984 693 4042 amntem
719 3991 801 4042 totum
825 3984 947 4043 meudnu
971 3983 1123 4042 desideum.

302 4087 352 4148 nd
392 4107 505 4148 annum
548 4088 680 4149 natalem
721 4090 889 4150 eruendum
930 4111 999 4150 uum
1039 4089 1100 4149 alia
1140 4089 1253 4148 iudicia
1293 4106 1348 4145 uos
1388 4086 1547 4145 deliciunt.
1597 4084 1720 4145 Frarrke
1738 4091 1779 4160 ⁴⁸)
1819 4086 1958 4145 adlribuit

143 4195 199 4254 hus
225 4215 346 4257 versure

571 4283 669 4361 spurcida⁴
692 4283 789 4343 numu
813 4287 882 4343 rucis
908 4285 1025 4344 Albanis
1049 4286 1140 4343 iuliuel
1163 4285 1248 4359 apris,

539 4393 542 4396 ⁴
571 4390 611 4449 nd
631 4376 709 4449 baare
733 4391 877 4449 descendet
899 4400 975 4450 enter
999 4401 1061 4451 turra
1085 4399 1110 4448 el
1133 4390 1185 4450 adi
1204 4397 1310 4468 parcet.

144 4513 329 4524 ——-....

302 4517 379 4632 sic.
399 4564 418 4632 ι,
438 4563 519 4632 6311,
540 4563 580 4617 12.
603 4593 635 4602 -
656 4567 691 4628 υ)
711 4580 752 4634 ep.
773 4565 791 4617 r.
813 4563 836 4623 ι,
857 4563 898 4617 ιι.
919 4596 952 4604 -
972 4569 1007 4629 a)
1027 4581 1051 4633 p.
1071 4562 1132 4616 aon
